@article{dobbins2019leaf,
    author = {Dobbins, Nicholas J and Spital, Clifford H and Black, Robert A and Morrison, Jason M and de Veer, Bas and Zampino, Elizabeth and Harrington, Robert D and Britt, Bethene D and Stephens, Kari A and Wilcox, Adam B and Tarczy-Hornoch, Peter and Mooney, Sean D},
    title = "{Leaf: an open-source, model-agnostic, data-driven web application for cohort discovery and translational biomedical research}",
    journal = {Journal of the American Medical Informatics Association},
    volume = {27},
    number = {1},
    pages = {109-118},
    year = {2019},
    month = {10},
}

@article{yuan2019criteria2query,
    author = {Yuan, Chi and Ryan, Patrick B. and Ta, Casey and Guo, Yixuan and Li, Ziran and Hardin, Jill and Makadia, Rupa and Jin, Peng and Shang, Ning and Kang, Tian and Weng, Chunhua},
    doi = {10.1093/jamia/ocy178},
    issn = {1527974X},
    journal = {Journal of the American Medical Informatics Association},
    keywords = {cohort definition,common data model,natural language interfaces to database,natural language processing},
    number = {4},
    pages = {294--305},
    title = {{Criteria2Query: A natural language interface to clinical databases for cohort definition}},
    volume = {26},
    year = {2019}
}

@article{kury2020chia,
  title={Chia, a large annotated corpus of clinical trial eligibility criteria},
  author={Kury, Fabr{\'\i}cio and Butler, Alex and Yuan, Chi and Fu, Li-heng and Sun, Yingcheng and Liu, Hao and Sim, Ida and Carini, Simona and Weng, Chunhua},
  journal={Scientific data},
  volume={7},
  number={1},
  pages={1--11},
  year={2020},
  publisher={Nature Publishing Group}
}

@article{chondrogiannis2017novel,
  title={A novel semantic representation for eligibility criteria in clinical trials},
  author={Chondrogiannis, Efthymios and Andronikou, Vassiliki and Tagaris, Anastasios and Karanastasis, Efstathios and Varvarigou, Theodora and Tsuji, Masatsugu},
  journal={Journal of biomedical informatics},
  volume={69},
  pages={10--23},
  year={2017},
  publisher={Elsevier}
}


@article{zhang2018,
    issn = {1942597X},
    keywords = {leafai},
    mendeley-tags = {leafai},
    pages = {1601--1610},
    pmid = {30815206},
    title = {{Computable Eligibility Criteria through Ontology-driven Data Access: A Case Study of Hepatitis C Virus Trials}},
    volume = {2018},
    year = {2018}
}

@article{weng2011elixr,
    author = {Weng, C. and Wu, X. and Luo, Z. and Boland, M. R. and Theodoratos, D. and Johnson, S. B.},
    doi = {10.1136/amiajnl-2011-000321},
    issn = {1067-5027},
    journal = {Journal of the American Medical Informatics Association},
    month = {dec},
    number = {Supplement 1},
    pages = {i116--i124},
    title = {{EliXR: an approach to eligibility criteria extraction and representation}},
    url = {https://academic.oup.com/jamia/article-lookup/doi/10.1136/amiajnl-2011-000321},
    volume = {18},
    year = {2011}
}

@article{stubbs2015,
    author = {Stubbs, Amber and Uzuner, {\"{O}}zlem},
    doi = {10.1016/j.jbi.2015.05.009},
    issn = {15320464},
    journal = {Journal of Biomedical Informatics},
    keywords = {Annotation,Medical records,Natural language processing,leafai},
    mendeley-tags = {leafai},
    pages = {S78--S91},
    pmid = {26004790},
    publisher = {Elsevier Inc.},
    title = {{Annotating risk factors for heart disease in clinical narratives for diabetic patients}},
    volume = {58},
    year = {2015}
}

@article{Damljanovic2008,
    isbn = {2951740840},
    journal = {Proceedings of the 6th International Conference on Language Resources and Evaluation, LREC 2008},
    keywords = {leafai},
    mendeley-tags = {leafai},
    pages = {205--212},
    title = {{A text-based query interface to OWL ontologies}},
    year = {2008}
}

@article{kang2017eliie,
    doi = {10.1093/jamia/ocx019},
    author = {Kang, Tian and Zhang, Shaodian and Tang, Youlan and Hruby, Gregory W. and Rusanov, Alexander and Elhadad, No{\'{e}}mie and Weng, Chunhua},
    issn = {1527974X},
    journal = {Journal of the American Medical Informatics Association},
    keywords = {Clinical trials,Common data model,Machine learning,Named entity recognition,Natural language processing,Patient selection,leafai},
    mendeley-tags = {leafai},
    number = {6},
    pages = {1062--1071},
    title = {{EliIE: An open-source information extraction system for clinical trial eligibility criteria}},
    volume = {24},
    year = {2017}
}

@article{levy-fix2015,
    journal = {Proceedings of 2015 AMIA Joint Summits for Translational Science},
    keywords = {leafai},
    mendeley-tags = {leafai},
    pages = {194--198},
    title = {{Structuring Clinical Trial Eligibility Criteria with the Common Data Model}},
    year = {2015}
}

@article{lonsdale2008,
    doi = {10.1016/j.datak.2007.07.005},
    journal = {Data and Knowledge Engineering},
    keywords = {Clinical data,Clinical trials,Predicate logic,Virtual medical record},
    number = {1},
    pages = {3--17},
    title = {{Assessing clinical trial eligibility with logic expression queries}},
    volume = {66},
    year = {2008}
}

@article{sun2013,
    issn = {15320464},
    journal = {Journal of Biomedical Informatics},
    keywords = {Annotation,Corpus Building,Medical Informatics,Natural Language Processing,Temporal Reasoning},
    number = {SUPPL.},
    pages = {S5--S12},
    pmid = {23872518},
    publisher = {Elsevier Inc.},
    title = {{Annotating temporal information in clinical narratives}},
    url = {http://dx.doi.org/10.1016/j.jbi.2013.07.004},
    volume = {46},
    year = {2013}
}

@article{tseo2020,
    archivePrefix = {arXiv},
    arxivId = {2006.07296},
    author = {Tseo, Yitong and Salkola, M. I. and Mohamed, Ahmed and Kumar, Anuj and Abnousi, Freddy},
    eprint = {2006.07296},
    title = {{Information Extraction of Clinical Trial Eligibility Criteria}},
    url = {http://arxiv.org/abs/2006.07296},
    year = {2020}
}

@article{mohan2019,
    archivePrefix = {arXiv},
    arxivId = {1902.09476},
    author = {Mohan, Sunil and Li, Donghui},
    eprint = {1902.09476},
    journal = {arXiv},
    pages = {1--13},
    title = {{MedMentions: A large biomedical corpus annotated with UMLS concepts}},
    year = {2019}
}

@article{owda2021,
    author = {Owda, Majdi and Owda, Amani Yousef and Gasir, Fathi},
    doi = {10.1007/978-3-030-55187-2_17},
    isbn = {9783030551865},
    issn = {21945365},
    journal = {Advances in Intelligent Systems and Computing},
    keywords = {Conversational agents,Evaluation methodologies and evaluation measures,Natural language interfaces to databases},
    pages = {196--208},
    title = {{A Comprehensive Methodology for Evaluating Conversation-Based Interfaces to Relational Databases (C-BIRDs)}},
    volume = {1251 AISC},
    year = {2021}
}

@article{fontelo2005,
    author = {Fontelo, Paul and Liu, Fang and Ackerman, Michael},
    doi = {10.1186/1472-6947-5-5},
    keywords = {leafai},
    mendeley-tags = {leafai},
    title = {{askMEDLINE: a free-text, natural language query tool for MEDLINE/PubMed}},
    url = {http://www.infopoems.com.askmedline},
    year = {2005}
}

@article{shenvi2014,
    doi = {10.1016/j.ijmedinf.2014.10.004},
    keywords = {Data models,Data standards,Queries,leafai},
    mendeley-tags = {leafai},
    title = {{Understanding data requirements of retrospective studies}},
    url = {http://dx.doi.org/10.1016/j.ijmedinf.2014.10.004},
    year = {2014}
}

@article{ingria2003timeml,
    isbn = {1577351843},
    journal = {New directions in question answering},
    pages = {28--34},
    title = {{TimeML: Robust Specification of Event and Temporal Expressions in Text}},
    volume = {3},
    year = {2003}
}

@inproceedings{stenetorp2012brat,
  title={BRAT: a web-based tool for NLP-assisted text annotation},
  author={Stenetorp, Pontus and Pyysalo, Sampo and Topi{\'c}, Goran and Ohta, Tomoko and Ananiadou, Sophia and Tsujii, Junâ€™ichi},
  booktitle={Proceedings of the Demonstrations at the 13th Conference of the European Chapter of the Association for Computational Linguistics},
  pages={102--107},
  year={2012}
}

@article{chang2011libsvm,
  title={LIBSVM: A library for support vector machines},
  author={Chang, Chih-Chung and Lin, Chih-Jen},
  journal={ACM transactions on intelligent systems and technology (TIST)},
  volume={2},
  number={3},
  pages={1--27},
  year={2011},
  publisher={Acm New York, NY, USA}
}

@article{hung2009,
    isbn = {9781424427949},
    issn = {1062922X},
    journal = {Conference Proceedings - IEEE International Conference on Systems, Man and Cybernetics},
    keywords = {Artificial intelligence,Dialog systems,Human-computer interaction,Software evaluation,leafai},
    mendeley-tags = {leafai},
    number = {September 2015},
    pages = {1236--1241},
    title = {{Towards a method for evaluating naturalness in conversational dialog systems}},
    year = {2009}
}

@article{thollot2010,
    author = {Thollot, Rapha{\"{e}}l and Brauer, Falk and Barczynski, Wojciech M. and Aufaure, Marie Aude},
    doi = {10.1145/1754239.1754255},
    isbn = {9781605589459},
    journal = {ACM International Conference Proceeding Series},
    keywords = {application,data analysis context,dictionaries,leafai,query,recommendation,unstructured},
    title = {{Text-to-query: Dynamically building structured analytics to illustrate textual content}},
    year = {2010}
}

@article{weng2010,
    author = {Weng, Chunhua and Tu, Samson W. and Sim, Ida and Richesson, Rachel},
    doi = {10.1016/j.jbi.2009.12.004},
    issn = {15320464},
    journal = {Journal of Biomedical Informatics},
    keywords = {Clinical decision support systems,Clinical research,Electronic health records,Eligibility criteria,Knowledge representation,leafai},
    mendeley-tags = {leafai},
    number = {3},
    pages = {451--467},
    pmid = {20034594},
    publisher = {Elsevier Inc.},
    title = {{Formal representation of eligibility criteria: A literature review}},
    url = {http://dx.doi.org/10.1016/j.jbi.2009.12.004},
    volume = {43},
    year = {2010}
}

@article{yu2020,
    author = {Yu, Xiaojing and Chen, Tianlong and Yu, Zhengjie and Li, Huiyu and Yang, Yang and Jiang, Xiaoqian and Jiang, Anxiao},
    keywords = {eligibility criteria,semantic parsing,text-to-sql},
    number = {May},
    pages = {5829--5837},
    title = {{Dataset and Enhanced Model for Eligibility Criteria-to-SQL Semantic Parsing}},
    year = {2020}
}

@article{tu1996,
    author = {Tu, S. W. and Musen, M. A.},
    issn = {10918280},
    journal = {Proceedings : a conference of the American Medical Informatics Association / ... AMIA Annual Fall Symposium. AMIA Fall Symposium},
    pmid = {8947734},
    title = {{The EON model of intervention protocols and guidelines.}},
    year = {1996}
}

@article{patel2018,
    author = {Patel, Pinalkumar and Davey, Disha and Panchal, Vishal and Pathak, Parth},
    doi = {10.18653/v1/d18-1228},
    isbn = {9781948087841},
    journal = {Proceedings of the 2018 Conference on Empirical Methods in Natural Language Processing, EMNLP 2018},
    pages = {2033--2042},
    title = {{Annotation of a large clinical entity corpus}},
    year = {2020}
}

@article{boag2018,
    archivePrefix = {arXiv},
    arxivId = {1803.02245},
    author = {Boag, Willie and Sergeeva, Elena and Kulshreshtha, Saurabh and Szolovits, Peter and Rumshisky, Anna and Naumann, Tristan},
    eprint = {1803.02245},
    keywords = {leafai},
    mendeley-tags = {leafai},
    number = {Nips},
    pages = {1--5},
    title = {{CliNER 2.0: Accessible and Accurate Clinical Concept Extraction}},
    url = {http://arxiv.org/abs/1803.02245},
    year = {2018}
}

@article{tu2011,
    author = {Tu, Samson W. and Peleg, Mor and Carini, Simona and Bobak, Michael and Ross, Jessica and Rubin, Daniel and Sim, Ida},
    doi = {10.1016/j.jbi.2010.09.007},
    issn = {15320464},
    journal = {Journal of Biomedical Informatics},
    keywords = {Clinical trials,Eligibility criteria,Natural-language processing,OWL,Ontology,Relational databases,leafai},
    mendeley-tags = {leafai},
    month = {apr},
    number = {2},
    pages = {239--250},
    title = {{A practical method for transforming free-text eligibility criteria into computable criteria}},
    volume = {44},
    year = {2011}
}

@article{zhou2006,
author = {Zhou, Li and Melton, Genevieve B. and Parsons, Simon and Hripcsak, George},
doi = {10.1016/j.jbi.2005.07.002},
file = {:Users/nicdobbins/Downloads/1-s2.0-S1532046405000730-main.pdf:pdf},
issn = {15320464},
journal = {Journal of Biomedical Informatics},
keywords = {Discharge summary,Natural language processing,Simple Temporal Problem,Temporal constraints,Temporal model,Temporal reasoning,Temporal representation},
number = {4},
pages = {424--439},
pmid = {16169282},
title = {{A temporal constraint structure for extracting temporal information from clinical narrative}},
volume = {39},
year = {2006}
}


@inproceedings{lonsdale2006formulating,
  title={Formulating queries for assessing clinical trial eligibility},
  author={Lonsdale, Deryle and Tustison, Clint and Parker, Craig and Embley, David W},
  booktitle={International Conference on Application of Natural Language to Information Systems},
  pages={82--93},
  year={2006},
  organization={Springer}
}

@article{xu2019nadaq,
    author = {Xu, Boyan and Cai, Ruichu and Zhang, Zhenjie and Yang, Xiaoyan and Hao, Zhifeng and Li, Zijian and Liang, Zhihao},
    doi = {10.1109/ACCESS.2019.2904720},
    issn = {21693536},
    journal = {IEEE Access},
    keywords = {Databases,leafai,natural language processing,recurrent neural networks},
    mendeley-tags = {leafai},
    pages = {35012--35017},
    publisher = {IEEE},
    title = {{NADAQ: Natural Language Database Querying Based on Deep Learning}},
    volume = {7},
    year = {2019}
}

@article{boland2012elixrtime,
    author = {Boland, Mary Regina and Tu, Samson W and Carini, Simona and Sim, Ida and Weng, Chunhua},
    issn = {2153-4063},
    journal = {AMIA Joint Summits on Translational Science proceedings. AMIA Joint Summits on Translational Science},
    pages = {71--80},
    pmid = {22779055},
    title = {{EliXR-TIME: A Temporal Knowledge Representation for Clinical Research Eligibility Criteria.}},
    url = {http://www.ncbi.nlm.nih.gov/pubmed/22779055{\%}0Ahttp://www.pubmedcentral.nih.gov/articlerender.fcgi?artid=PMC3392056},
    volume = {2012},
    year = {2012}
}

@techreport{Wu,
    archivePrefix = {arXiv},
    arxivId = {1905.08284v1},
    author = {Wu, Shanchan and He, Yifan},
    eprint = {1905.08284v1},
    title = {{Enriching Pre-trained Language Model with Entity Information for Relation Classification}}
}

@article{zhang2020,
    author = {Zhang, Xingyao and Xiao, Cao and Glass, Lucas M. and Sun, Jimeng},
    doi = {10.1145/3366423.3380181},
    isbn = {9781450370233},
    journal = {The Web Conference 2020 - Proceedings of the World Wide Web Conference, WWW 2020},
    keywords = {Attention Mechanism,Entailment Prediction,Machine Learning,Trial Recruitment},
    pages = {1029--1037},
    title = {{DeepEnroll: Patient-Trial Matching with Deep Embedding and Entailment Prediction}},
    volume = {2},
    year = {2020}
}

@article{luo,
    author = {Luo, Zhihui and Johnson, Stephen B and Lai, Albert M and Weng, Chunhua},
    keywords = {Conditional Random Field,Temporal Extraction},
    title = {{Extracting Temporal Constraints from Clinical Research Eligibility Criteria Using Conditional Random Fields}}
}

@article{liu2019,
    author = {Liu, Sijia and Wang, Yanshan and Wen, Andrew and Wang, Liwei and Hong, Na and Shen, Feichen and Bedrick, Steven and Hersh, William and Liu, Hongfang},
    doi = {10.2196/17376},
    journal = {JMIR Medical Informatics},
    keywords = {10,2020,cohort retrieval,common data model,e17376,electronic health records,http,information retrieval,jmir,leafai,medinform,natural language processing,org},
    mendeley-tags = {leafai},
    title = {{On Cohort Retrieval System from Clinical Data Repositories using OMOP Common Data Model: A Proof-of-Concept Implementation (Preprint)}},
    volume = {8},
    year = {2019}
}

@article{milian2013,
    author = {Milian, Krystyna and {Ten Teije}, Annette},
    doi = {10.1007/978-3-642-38326-7_12},
    isbn = {9783642383250},
    issn = {16113349},
    journal = {Lecture Notes in Computer Science (including subseries Lecture Notes in Artificial Intelligence and Lecture Notes in Bioinformatics)},
    keywords = {clinical trials,leafai,medical ontologies,patient data representation,query generation,semantic reasoning},
    mendeley-tags = {leafai},
    number = {May 2014},
    pages = {78--83},
    title = {{Towards automatic patient eligibility assessment: From free-text criteria to queries}},
    volume = {7885 LNAI},
    year = {2013}
}

@article{milian2015enhancing,
  title={Enhancing reuse of structured eligibility criteria and supporting their relaxation},
  author={Milian, Krystyna and Hoekstra, Rinke and Bucur, Anca and Ten Teije, Annette and van Harmelen, Frank and Paulissen, John},
  journal={Journal of biomedical informatics},
  volume={56},
  pages={205--219},
  year={2015},
  publisher={Elsevier}
}


@article{lovato1997,
    author = {Lovato, Laura C and Hill, Kristin and Hertert, Stephanie and Hunninghake, Donald B and Probstfield, Jeffrey L},
    booktitle = {Controlled Clinical Trials},
    keywords = {Recruitment,clinical trials,leafai,patient participation,study design},
    mendeley-tags = {leafai},
    pages = {328--357},
    title = {{Recruitment for Controlled Clinical Trials: Literature Summary and Annotated Bibliography}},
    volume = {18},
    year = {1997}
}

@article{xia2012,
    author = {Xia, Fei and Yetisgen-Yildiz, M},
    journal = {Proceedings of Third Workshop on Building and Evaluating Resources for Biomedical Text Mining (BioTxtM'2012) of the International Conference on Language Resources and Evaluation (LREC)},
    keywords = {annotation guidelines,annotation schemata,clinical corpus annotation,leafai},
    mendeley-tags = {leafai},
    title = {{Clinical Corpus Annotation: Challenges and Strategies}},
    url = {http://faculty.washington.edu/melihay/publications/LREC{\_}BioTxtM{\_}2012.pdf},
    year = {2012}
}

@article{ni2015,
    author = {Ni, Yizhao and Wright, Jordan and Perentesis, John and Lingren, Todd and Deleger, Louise and Kaiser, Megan and Kohane, Isaac and Solti, Imre},
    doi = {10.1186/s12911-015-0149-3},
    issn = {14726947},
    journal = {BMC Medical Informatics and Decision Making},
    keywords = {Automated clinical trial eligibility screening,Information extraction,LeafAI,Natural language processing,Patient-trial matching},
    mendeley-tags = {LeafAI},
    month = {apr},
    number = {1},
    pages = {1--10},
    pmid = {25881112},
    publisher = {BioMed Central Ltd.},
    title = {{Increasing the efficiency of trial-patient matching: Automated clinical trial eligibility Pre-screening for pediatric oncology patients Clinical decision-making, knowledge support systems, and theory}},
    url = {https://link.springer.com/articles/10.1186/s12911-015-0149-3 https://link.springer.com/article/10.1186/s12911-015-0149-3},
    volume = {15},
    year = {2015}
}

@article{bompelli2020,
    author = {Bompelli, Anusha and Li, Jianfu and Xu, Yiqi and Wang, Nan and Wang, Yanshan and Adam, Terrence and He, Zhe and Zhang, Rui},
    keywords = {leafai},
    mendeley-tags = {leafai},
    number = {1},
    title = {{Deep Learning Approach to Parse Eligibility Criteria in Dietary Supplements Clinical Trials Following OMOP Common Data Model}},
    year = {2020}
}

@article{bodenreider2004unified,
  title={{The unified medical language system (UMLS): integrating biomedical terminology}},
  author={Bodenreider, Olivier},
  journal={Nucleic acids research},
  volume={32},
  number={suppl\_1},
  pages={D267--D270},
  year={2004},
  publisher={Oxford University Press}
}

@inproceedings{aronson2001effective,
  title={Effective mapping of biomedical text to the UMLS Metathesaurus: the MetaMap program.},
  author={Aronson, Alan R},
  booktitle={Proceedings of the AMIA Symposium},
  pages={17},
  year={2001},
  organization={American Medical Informatics Association}
}

@incollection{manaris1998,
    title = "Natural Language Processing: A Human-Computer Interaction Perspective",
    editor = "Marvin V. Zelkowitz",
    series = "Advances in Computers",
    publisher = "Elsevier",
    volume = "47",
    pages = "1 - 66",
    year = "1998",
    issn = "0065-2458",
    doi = "https://doi.org/10.1016/S0065-2458(08)60665-8",
    url = "http://www.sciencedirect.com/science/article/pii/S0065245808606658",
    author = "Bill Manaris"
}

@article{demner2017metamap,
  title={MetaMap Lite: an evaluation of a new Java implementation of MetaMap},
  author={Demner-Fushman, Dina and Rogers, Willie J and Aronson, Alan R},
  journal={Journal of the American Medical Informatics Association},
  volume={24},
  number={4},
  pages={841--844},
  year={2017},
  publisher={Oxford University Press}
}

@article{dernoncourt2017neuroner,
  title={{NeuroNER: an easy-to-use program for named-entity recognition based on neural networks}},
  author={Dernoncourt, Franck and Lee, Ji Young and Szolovits, Peter},
  journal={arXiv preprint arXiv:1705.05487},
  year={2017}
}

@inproceedings{wu2019enriching,
  title={Enriching pre-trained language model with entity information for relation classification},
  author={Wu, Shanchan and He, Yifan},
  booktitle={Proceedings of the 28th ACM International Conference on Information and Knowledge Management},
  pages={2361--2364},
  year={2019}
}

@article{devlin2018bert,
  title={{Bert: Pre-training of deep bidirectional transformers for language understanding}},
  author={Devlin, Jacob and Chang, Ming-Wei and Lee, Kenton and Toutanova, Kristina},
  journal={arXiv preprint arXiv:1810.04805},
  year={2018}
}

@article{murphy2010serving,
  title={Serving the enterprise and beyond with informatics for integrating biology and the bedside (i2b2)},
  author={Murphy, Shawn N and Weber, Griffin and Mendis, Michael and Gainer, Vivian and Chueh, Henry C and Churchill, Susanne and Kohane, Isaac},
  journal={Journal of the American Medical Informatics Association},
  volume={17},
  number={2},
  pages={124--130},
  year={2010},
  publisher={BMJ Group}
}

@misc{trinetx,
  title = {{TriNetX}},
  howpublished = "\url{ https://www.trinetx.com/}",
  year = {2021}, 
  note = "[Online; accessed 19-February-2021]"
}

@inproceedings{hripcsak1990arden,
  title={{The Arden Syntax for Medical Logic Modules.}},
  author={Hripcsak, George and Clayton, Paul D and Pryor, T Allan and Haug, P and Wigertz, OB and Van der Lei, J},
  booktitle={Proceedings. Symposium on Computer Applications in Medical Care},
  pages={200--204},
  year={1990}
}

@techreport{tu2009ergo,
  title={Ergo: A templatebased expression language for encoding eligibility criteria},
  author={Tu, Samson and Peleg, Mor and Carini, Simona and Rubin, Daniel and Sim, Ida},
  year={2009},
  institution={Technical report}
}

@article{luo2019mcn,
  title={MCN: a comprehensive corpus for medical concept normalization},
  author={Luo, Yen-Fu and Sun, Weiyi and Rumshisky, Anna},
  journal={Journal of biomedical informatics},
  volume={92},
  pages={103132},
  year={2019},
  publisher={Elsevier}
}

@article{hripcsak2015observational,
  title={{Observational Health Data Sciences and Informatics (OHDSI): opportunities for observational researchers}},
  author={Hripcsak, George and Duke, Jon D and Shah, Nigam H and Reich, Christian G and Huser, Vojtech and Schuemie, Martijn J and Suchard, Marc A and Park, Rae Woong and Wong, Ian Chi Kei and Rijnbeek, Peter R and others},
  journal={Studies in health technology and informatics},
  volume={216},
  pages={574},
  year={2015},
  publisher={NIH Public Access}
}

@article{sang2003introduction,
  title={Introduction to the CoNLL-2003 shared task: Language-independent named entity recognition},
  author={Sang, Erik F and De Meulder, Fien},
  journal={arXiv preprint cs/0306050},
  year={2003}
}

@inproceedings{nirenburg2001ontological,
  title={Ontological semantics, formal ontology, and ambiguity},
  author={Nirenburg, Sergei and Raskin, Victor},
  booktitle={Proceedings of the international conference on Formal Ontology in Information Systems-Volume 2001},
  pages={151--161},
  year={2001}
}

@inproceedings{chang2012sutime,
  title={Sutime: A library for recognizing and normalizing time expressions.},
  author={Chang, Angel X and Manning, Christopher D},
  booktitle={Lrec},
  volume={3735},
  pages={3740},
  year={2012}
}

@article{richesson2013electronic,
  title={{Electronic health records based phenotyping in next-generation clinical trials: a perspective from the NIH Health Care Systems Collaboratory}},
  author={Richesson, Rachel L and Hammond, W Ed and Nahm, Meredith and Wixted, Douglas and Simon, Gregory E and Robinson, Jennifer G and Bauck, Alan E and Cifelli, Denise and Smerek, Michelle M and Dickerson, John and others},
  journal={Journal of the American Medical Informatics Association},
  volume={20},
  number={e2},
  pages={e226--e231},
  year={2013},
  publisher={BMJ Publishing Group}
}

@article{parker2005generating,
  title={Generating medical logic modules for clinical trial eligibility},
  author={Parker, Craig G},
  year={2005},
  publisher={Brigham Young University-Provo}
}

@article{wang2019translate,
  title={A translate-edit model for natural language question to sql query generation on multi-relational healthcare data},
  author={Wang, Ping and Shi, Tian and Reddy, Chandan K},
  journal={arXiv preprint arXiv:1908.01839},
  year={2019}
}

@article{beltagy2019scibert,
  title={Scibert: A pretrained language model for scientific text},
  author={Beltagy, Iz and Lo, Kyle and Cohan, Arman},
  journal={arXiv preprint arXiv:1903.10676},
  year={2019}
}

@article{gu2021domain,
  title={Domain-specific language model pretraining for biomedical natural language processing},
  author={Gu, Yu and Tinn, Robert and Cheng, Hao and Lucas, Michael and Usuyama, Naoto and Liu, Xiaodong and Naumann, Tristan and Gao, Jianfeng and Poon, Hoifung},
  journal={ACM Transactions on Computing for Healthcare (HEALTH)},
  volume={3},
  number={1},
  pages={1--23},
  year={2021},
  publisher={ACM New York, NY}
}

@inproceedings{pennington2014glove,
  title={Glove: Global vectors for word representation},
  author={Pennington, Jeffrey and Socher, Richard and Manning, Christopher D},
  booktitle={Proceedings of the 2014 conference on empirical methods in natural language processing (EMNLP)},
  pages={1532--1543},
  year={2014}
}

@inproceedings{lin2004rouge,
  title={Rouge: A package for automatic evaluation of summaries},
  author={Lin, Chin-Yew},
  booktitle={Text summarization branches out},
  pages={74--81},
  year={2004}
}

@inproceedings{koopman2016test,
  title={A test collection for matching patients to clinical trials},
  author={Koopman, Bevan and Zuccon, Guido},
  booktitle={Proceedings of the 39th International ACM SIGIR conference on Research and Development in Information Retrieval},
  pages={669--672},
  year={2016}
}

@article{liu2020implementation,
  title={{Implementation of a cohort retrieval system for clinical data repositories using the observational medical outcomes partnership common data model: Proof-of-concept system validation}},
  author={Liu, Sijia and Wang, Yanshan and Wen, Andrew and Wang, Liwei and Hong, Na and Shen, Feichen and Bedrick, Steven and Hersh, William and Liu, Hongfang and others},
  journal={JMIR medical informatics},
  volume={8},
  number={10},
  pages={e17376},
  year={2020},
  publisher={JMIR Publications Inc., Toronto, Canada}
}

@article{park2021framework,
  title={A framework (SOCRATex) for hierarchical annotation of unstructured electronic health records and integration into a standardized medical database: development and usability study},
  author={Park, Jimyung and You, Seng Chan and Jeong, Eugene and Weng, Chunhua and Park, Dongsu and Roh, Jin and Lee, Dong Yun and Cheong, Jae Youn and Choi, Jin Wook and Kang, Mira and others},
  journal={JMIR medical informatics},
  volume={9},
  number={3},
  pages={e23983},
  year={2021},
  publisher={JMIR Publications Inc., Toronto, Canada}
}

@article{truong2022ittc,
  title={{ITTC@ TREC 2021 Clinical Trials Track}},
  author={Truong, Thinh Hung and Otmakhova, Yulia and Mahendra, Rahmad and Baldwin, Timothy and Lau, Jey Han and Cohn, Trevor and Cavedon, Lawrence and Spina, Damiano and Verspoor, Karin},
  journal={arXiv preprint arXiv:2202.07858},
  year={2022}
}
