@article{dobbins2019leaf,
    author = {Dobbins, Nicholas J and Spital, Clifford H and Black, Robert A and Morrison, Jason M and de Veer, Bas and Zampino, Elizabeth and Harrington, Robert D and Britt, Bethene D and Stephens, Kari A and Wilcox, Adam B and Tarczy-Hornoch, Peter and Mooney, Sean D},
    title = "{Leaf: an open-source, model-agnostic, data-driven web application for cohort discovery and translational biomedical research}",
    journal = {Journal of the American Medical Informatics Association},
    volume = {27},
    number = {1},
    pages = {109-118},
    year = {2019},
    month = {10},
}

@article{yuan2019criteria2query,
    author = {Yuan, Chi and Ryan, Patrick B. and Ta, Casey and Guo, Yixuan and Li, Ziran and Hardin, Jill and Makadia, Rupa and Jin, Peng and Shang, Ning and Kang, Tian and Weng, Chunhua},
    doi = {10.1093/jamia/ocy178},
    issn = {1527974X},
    journal = {Journal of the American Medical Informatics Association},
    keywords = {cohort definition,common data model,natural language interfaces to database,natural language processing},
    number = {4},
    pages = {294--305},
    title = {{Criteria2Query: A natural language interface to clinical databases for cohort definition}},
    volume = {26},
    year = {2019}
}

@article{kury2020chia,
  title={Chia, a large annotated corpus of clinical trial eligibility criteria},
  author={Kury, Fabr{\'\i}cio and Butler, Alex and Yuan, Chi and Fu, Li-heng and Sun, Yingcheng and Liu, Hao and Sim, Ida and Carini, Simona and Weng, Chunhua},
  journal={Scientific data},
  volume={7},
  number={1},
  pages={1--11},
  year={2020},
  publisher={Nature Publishing Group}
}

@article{chondrogiannis2017novel,
  title={A novel semantic representation for eligibility criteria in clinical trials},
  author={Chondrogiannis, Efthymios and Andronikou, Vassiliki and Tagaris, Anastasios and Karanastasis, Efstathios and Varvarigou, Theodora and Tsuji, Masatsugu},
  journal={Journal of biomedical informatics},
  volume={69},
  pages={10--23},
  year={2017},
  publisher={Elsevier}
}


@article{zhang2018,
    issn = {1942597X},
    keywords = {leafai},
    mendeley-tags = {leafai},
    pages = {1601--1610},
    pmid = {30815206},
    title = {{Computable Eligibility Criteria through Ontology-driven Data Access: A Case Study of Hepatitis C Virus Trials}},
    volume = {2018},
    year = {2018}
}

@article{weng2011elixr,
    author = {Weng, C. and Wu, X. and Luo, Z. and Boland, M. R. and Theodoratos, D. and Johnson, S. B.},
    doi = {10.1136/amiajnl-2011-000321},
    issn = {1067-5027},
    journal = {Journal of the American Medical Informatics Association},
    month = {dec},
    number = {Supplement 1},
    pages = {i116--i124},
    title = {{EliXR: an approach to eligibility criteria extraction and representation}},
    url = {https://academic.oup.com/jamia/article-lookup/doi/10.1136/amiajnl-2011-000321},
    volume = {18},
    year = {2011}
}

@article{stubbs2015,
    author = {Stubbs, Amber and Uzuner, {\"{O}}zlem},
    doi = {10.1016/j.jbi.2015.05.009},
    issn = {15320464},
    journal = {Journal of Biomedical Informatics},
    keywords = {Annotation,Medical records,Natural language processing,leafai},
    mendeley-tags = {leafai},
    pages = {S78--S91},
    pmid = {26004790},
    publisher = {Elsevier Inc.},
    title = {{Annotating risk factors for heart disease in clinical narratives for diabetic patients}},
    volume = {58},
    year = {2015}
}

@article{Damljanovic2008,
    isbn = {2951740840},
    journal = {Proceedings of the 6th International Conference on Language Resources and Evaluation, LREC 2008},
    keywords = {leafai},
    mendeley-tags = {leafai},
    pages = {205--212},
    title = {{A text-based query interface to OWL ontologies}},
    year = {2008}
}

@article{kang2017eliie,
    doi = {10.1093/jamia/ocx019},
    author = {Kang, Tian and Zhang, Shaodian and Tang, Youlan and Hruby, Gregory W. and Rusanov, Alexander and Elhadad, No{\'{e}}mie and Weng, Chunhua},
    issn = {1527974X},
    journal = {Journal of the American Medical Informatics Association},
    keywords = {Clinical trials,Common data model,Machine learning,Named entity recognition,Natural language processing,Patient selection,leafai},
    mendeley-tags = {leafai},
    number = {6},
    pages = {1062--1071},
    title = {{EliIE: An open-source information extraction system for clinical trial eligibility criteria}},
    volume = {24},
    year = {2017}
}

@article{levy-fix2015,
    journal = {Proceedings of 2015 AMIA Joint Summits for Translational Science},
    keywords = {leafai},
    mendeley-tags = {leafai},
    pages = {194--198},
    title = {{Structuring Clinical Trial Eligibility Criteria with the Common Data Model}},
    year = {2015}
}

@article{lonsdale2008,
    doi = {10.1016/j.datak.2007.07.005},
    journal = {Data and Knowledge Engineering},
    keywords = {Clinical data,Clinical trials,Predicate logic,Virtual medical record},
    number = {1},
    pages = {3--17},
    title = {{Assessing clinical trial eligibility with logic expression queries}},
    volume = {66},
    year = {2008}
}

@article{sun2013,
    issn = {15320464},
    journal = {Journal of Biomedical Informatics},
    keywords = {Annotation,Corpus Building,Medical Informatics,Natural Language Processing,Temporal Reasoning},
    number = {SUPPL.},
    pages = {S5--S12},
    pmid = {23872518},
    publisher = {Elsevier Inc.},
    title = {{Annotating temporal information in clinical narratives}},
    url = {http://dx.doi.org/10.1016/j.jbi.2013.07.004},
    volume = {46},
    year = {2013}
}

@article{tseo2020,
    archivePrefix = {arXiv},
    arxivId = {2006.07296},
    author = {Tseo, Yitong and Salkola, M. I. and Mohamed, Ahmed and Kumar, Anuj and Abnousi, Freddy},
    eprint = {2006.07296},
    title = {{Information Extraction of Clinical Trial Eligibility Criteria}},
    url = {http://arxiv.org/abs/2006.07296},
    year = {2020}
}

@article{mohan2019,
    archivePrefix = {arXiv},
    arxivId = {1902.09476},
    author = {Mohan, Sunil and Li, Donghui},
    eprint = {1902.09476},
    journal = {arXiv},
    pages = {1--13},
    title = {{MedMentions: A large biomedical corpus annotated with UMLS concepts}},
    year = {2019}
}

@article{owda2021,
    author = {Owda, Majdi and Owda, Amani Yousef and Gasir, Fathi},
    doi = {10.1007/978-3-030-55187-2_17},
    isbn = {9783030551865},
    issn = {21945365},
    journal = {Advances in Intelligent Systems and Computing},
    keywords = {Conversational agents,Evaluation methodologies and evaluation measures,Natural language interfaces to databases},
    pages = {196--208},
    title = {{A Comprehensive Methodology for Evaluating Conversation-Based Interfaces to Relational Databases (C-BIRDs)}},
    volume = {1251 AISC},
    year = {2021}
}

@article{fontelo2005,
    author = {Fontelo, Paul and Liu, Fang and Ackerman, Michael},
    doi = {10.1186/1472-6947-5-5},
    keywords = {leafai},
    mendeley-tags = {leafai},
    title = {{askMEDLINE: a free-text, natural language query tool for MEDLINE/PubMed}},
    url = {http://www.infopoems.com.askmedline},
    year = {2005}
}

@article{shenvi2014,
    doi = {10.1016/j.ijmedinf.2014.10.004},
    keywords = {Data models,Data standards,Queries,leafai},
    mendeley-tags = {leafai},
    title = {{Understanding data requirements of retrospective studies}},
    url = {http://dx.doi.org/10.1016/j.ijmedinf.2014.10.004},
    year = {2014}
}

@article{ingria2003timeml,
    isbn = {1577351843},
    journal = {New directions in question answering},
    pages = {28--34},
    title = {{TimeML: Robust Specification of Event and Temporal Expressions in Text}},
    volume = {3},
    year = {2003}
}

@inproceedings{stenetorp2012brat,
  title={BRAT: a web-based tool for NLP-assisted text annotation},
  author={Stenetorp, Pontus and Pyysalo, Sampo and Topi{\'c}, Goran and Ohta, Tomoko and Ananiadou, Sophia and Tsujii, Jun’ichi},
  booktitle={Proceedings of the Demonstrations at the 13th Conference of the European Chapter of the Association for Computational Linguistics},
  pages={102--107},
  year={2012}
}

@article{chang2011libsvm,
  title={LIBSVM: A library for support vector machines},
  author={Chang, Chih-Chung and Lin, Chih-Jen},
  journal={ACM transactions on intelligent systems and technology (TIST)},
  volume={2},
  number={3},
  pages={1--27},
  year={2011},
  publisher={Acm New York, NY, USA}
}

@article{hung2009,
    isbn = {9781424427949},
    issn = {1062922X},
    journal = {Conference Proceedings - IEEE International Conference on Systems, Man and Cybernetics},
    keywords = {Artificial intelligence,Dialog systems,Human-computer interaction,Software evaluation,leafai},
    mendeley-tags = {leafai},
    number = {September 2015},
    pages = {1236--1241},
    title = {{Towards a method for evaluating naturalness in conversational dialog systems}},
    year = {2009}
}

@article{thollot2010,
    author = {Thollot, Rapha{\"{e}}l and Brauer, Falk and Barczynski, Wojciech M. and Aufaure, Marie Aude},
    doi = {10.1145/1754239.1754255},
    isbn = {9781605589459},
    journal = {ACM International Conference Proceeding Series},
    keywords = {application,data analysis context,dictionaries,leafai,query,recommendation,unstructured},
    title = {{Text-to-query: Dynamically building structured analytics to illustrate textual content}},
    year = {2010}
}

@article{weng2010,
    author = {Weng, Chunhua and Tu, Samson W. and Sim, Ida and Richesson, Rachel},
    doi = {10.1016/j.jbi.2009.12.004},
    issn = {15320464},
    journal = {Journal of Biomedical Informatics},
    keywords = {Clinical decision support systems,Clinical research,Electronic health records,Eligibility criteria,Knowledge representation,leafai},
    mendeley-tags = {leafai},
    number = {3},
    pages = {451--467},
    pmid = {20034594},
    publisher = {Elsevier Inc.},
    title = {{Formal representation of eligibility criteria: A literature review}},
    url = {http://dx.doi.org/10.1016/j.jbi.2009.12.004},
    volume = {43},
    year = {2010}
}

@article{yu2020,
    author = {Yu, Xiaojing and Chen, Tianlong and Yu, Zhengjie and Li, Huiyu and Yang, Yang and Jiang, Xiaoqian and Jiang, Anxiao},
    keywords = {eligibility criteria,semantic parsing,text-to-sql},
    number = {May},
    pages = {5829--5837},
    title = {{Dataset and Enhanced Model for Eligibility Criteria-to-SQL Semantic Parsing}},
    year = {2020}
}

@article{tu1996,
    author = {Tu, S. W. and Musen, M. A.},
    issn = {10918280},
    journal = {Proceedings : a conference of the American Medical Informatics Association / ... AMIA Annual Fall Symposium. AMIA Fall Symposium},
    pmid = {8947734},
    title = {{The EON model of intervention protocols and guidelines.}},
    year = {1996}
}

@article{patel2018,
    author = {Patel, Pinalkumar and Davey, Disha and Panchal, Vishal and Pathak, Parth},
    doi = {10.18653/v1/d18-1228},
    isbn = {9781948087841},
    journal = {Proceedings of the 2018 Conference on Empirical Methods in Natural Language Processing, EMNLP 2018},
    pages = {2033--2042},
    title = {{Annotation of a large clinical entity corpus}},
    year = {2020}
}

@article{boag2018,
    archivePrefix = {arXiv},
    arxivId = {1803.02245},
    author = {Boag, Willie and Sergeeva, Elena and Kulshreshtha, Saurabh and Szolovits, Peter and Rumshisky, Anna and Naumann, Tristan},
    eprint = {1803.02245},
    keywords = {leafai},
    mendeley-tags = {leafai},
    number = {Nips},
    pages = {1--5},
    title = {{CliNER 2.0: Accessible and Accurate Clinical Concept Extraction}},
    url = {http://arxiv.org/abs/1803.02245},
    year = {2018}
}

@article{tu2011,
    author = {Tu, Samson W. and Peleg, Mor and Carini, Simona and Bobak, Michael and Ross, Jessica and Rubin, Daniel and Sim, Ida},
    doi = {10.1016/j.jbi.2010.09.007},
    issn = {15320464},
    journal = {Journal of Biomedical Informatics},
    keywords = {Clinical trials,Eligibility criteria,Natural-language processing,OWL,Ontology,Relational databases,leafai},
    mendeley-tags = {leafai},
    month = {apr},
    number = {2},
    pages = {239--250},
    title = {{A practical method for transforming free-text eligibility criteria into computable criteria}},
    volume = {44},
    year = {2011}
}

@article{zhou2006,
author = {Zhou, Li and Melton, Genevieve B. and Parsons, Simon and Hripcsak, George},
doi = {10.1016/j.jbi.2005.07.002},
file = {:Users/nicdobbins/Downloads/1-s2.0-S1532046405000730-main.pdf:pdf},
issn = {15320464},
journal = {Journal of Biomedical Informatics},
keywords = {Discharge summary,Natural language processing,Simple Temporal Problem,Temporal constraints,Temporal model,Temporal reasoning,Temporal representation},
number = {4},
pages = {424--439},
pmid = {16169282},
title = {{A temporal constraint structure for extracting temporal information from clinical narrative}},
volume = {39},
year = {2006}
}


@inproceedings{lonsdale2006formulating,
  title={Formulating queries for assessing clinical trial eligibility},
  author={Lonsdale, Deryle and Tustison, Clint and Parker, Craig and Embley, David W},
  booktitle={International Conference on Application of Natural Language to Information Systems},
  pages={82--93},
  year={2006},
  organization={Springer}
}

@article{xu2019nadaq,
    author = {Xu, Boyan and Cai, Ruichu and Zhang, Zhenjie and Yang, Xiaoyan and Hao, Zhifeng and Li, Zijian and Liang, Zhihao},
    doi = {10.1109/ACCESS.2019.2904720},
    issn = {21693536},
    journal = {IEEE Access},
    keywords = {Databases,leafai,natural language processing,recurrent neural networks},
    mendeley-tags = {leafai},
    pages = {35012--35017},
    publisher = {IEEE},
    title = {{NADAQ: Natural Language Database Querying Based on Deep Learning}},
    volume = {7},
    year = {2019}
}

@article{boland2012elixrtime,
    author = {Boland, Mary Regina and Tu, Samson W and Carini, Simona and Sim, Ida and Weng, Chunhua},
    issn = {2153-4063},
    journal = {AMIA Joint Summits on Translational Science proceedings. AMIA Joint Summits on Translational Science},
    pages = {71--80},
    pmid = {22779055},
    title = {{EliXR-TIME: A Temporal Knowledge Representation for Clinical Research Eligibility Criteria.}},
    url = {http://www.ncbi.nlm.nih.gov/pubmed/22779055{\%}0Ahttp://www.pubmedcentral.nih.gov/articlerender.fcgi?artid=PMC3392056},
    volume = {2012},
    year = {2012}
}

@techreport{Wu,
    archivePrefix = {arXiv},
    arxivId = {1905.08284v1},
    author = {Wu, Shanchan and He, Yifan},
    eprint = {1905.08284v1},
    title = {{Enriching Pre-trained Language Model with Entity Information for Relation Classification}}
}

@article{zhang2020,
    author = {Zhang, Xingyao and Xiao, Cao and Glass, Lucas M. and Sun, Jimeng},
    doi = {10.1145/3366423.3380181},
    isbn = {9781450370233},
    journal = {The Web Conference 2020 - Proceedings of the World Wide Web Conference, WWW 2020},
    keywords = {Attention Mechanism,Entailment Prediction,Machine Learning,Trial Recruitment},
    pages = {1029--1037},
    title = {{DeepEnroll: Patient-Trial Matching with Deep Embedding and Entailment Prediction}},
    volume = {2},
    year = {2020}
}

@article{luo,
    author = {Luo, Zhihui and Johnson, Stephen B and Lai, Albert M and Weng, Chunhua},
    keywords = {Conditional Random Field,Temporal Extraction},
    title = {{Extracting Temporal Constraints from Clinical Research Eligibility Criteria Using Conditional Random Fields}}
}

@article{liu2019,
    author = {Liu, Sijia and Wang, Yanshan and Wen, Andrew and Wang, Liwei and Hong, Na and Shen, Feichen and Bedrick, Steven and Hersh, William and Liu, Hongfang},
    doi = {10.2196/17376},
    journal = {JMIR Medical Informatics},
    keywords = {10,2020,cohort retrieval,common data model,e17376,electronic health records,http,information retrieval,jmir,leafai,medinform,natural language processing,org},
    mendeley-tags = {leafai},
    title = {{On Cohort Retrieval System from Clinical Data Repositories using OMOP Common Data Model: A Proof-of-Concept Implementation (Preprint)}},
    volume = {8},
    year = {2019}
}

@article{milian2013,
    author = {Milian, Krystyna and {Ten Teije}, Annette},
    doi = {10.1007/978-3-642-38326-7_12},
    isbn = {9783642383250},
    issn = {16113349},
    journal = {Lecture Notes in Computer Science (including subseries Lecture Notes in Artificial Intelligence and Lecture Notes in Bioinformatics)},
    keywords = {clinical trials,leafai,medical ontologies,patient data representation,query generation,semantic reasoning},
    mendeley-tags = {leafai},
    number = {May 2014},
    pages = {78--83},
    title = {{Towards automatic patient eligibility assessment: From free-text criteria to queries}},
    volume = {7885 LNAI},
    year = {2013}
}

@article{milian2015enhancing,
  title={Enhancing reuse of structured eligibility criteria and supporting their relaxation},
  author={Milian, Krystyna and Hoekstra, Rinke and Bucur, Anca and Ten Teije, Annette and van Harmelen, Frank and Paulissen, John},
  journal={Journal of biomedical informatics},
  volume={56},
  pages={205--219},
  year={2015},
  publisher={Elsevier}
}


@article{lovato1997,
    author = {Lovato, Laura C and Hill, Kristin and Hertert, Stephanie and Hunninghake, Donald B and Probstfield, Jeffrey L},
    booktitle = {Controlled Clinical Trials},
    keywords = {Recruitment,clinical trials,leafai,patient participation,study design},
    mendeley-tags = {leafai},
    pages = {328--357},
    title = {{Recruitment for Controlled Clinical Trials: Literature Summary and Annotated Bibliography}},
    volume = {18},
    year = {1997}
}

@article{xia2012,
    author = {Xia, Fei and Yetisgen-Yildiz, M},
    journal = {Proceedings of Third Workshop on Building and Evaluating Resources for Biomedical Text Mining (BioTxtM'2012) of the International Conference on Language Resources and Evaluation (LREC)},
    keywords = {annotation guidelines,annotation schemata,clinical corpus annotation,leafai},
    mendeley-tags = {leafai},
    title = {{Clinical Corpus Annotation: Challenges and Strategies}},
    url = {http://faculty.washington.edu/melihay/publications/LREC{\_}BioTxtM{\_}2012.pdf},
    year = {2012}
}

@article{ni2015,
    author = {Ni, Yizhao and Wright, Jordan and Perentesis, John and Lingren, Todd and Deleger, Louise and Kaiser, Megan and Kohane, Isaac and Solti, Imre},
    doi = {10.1186/s12911-015-0149-3},
    issn = {14726947},
    journal = {BMC Medical Informatics and Decision Making},
    keywords = {Automated clinical trial eligibility screening,Information extraction,LeafAI,Natural language processing,Patient-trial matching},
    mendeley-tags = {LeafAI},
    month = {apr},
    number = {1},
    pages = {1--10},
    pmid = {25881112},
    publisher = {BioMed Central Ltd.},
    title = {{Increasing the efficiency of trial-patient matching: Automated clinical trial eligibility Pre-screening for pediatric oncology patients Clinical decision-making, knowledge support systems, and theory}},
    url = {https://link.springer.com/articles/10.1186/s12911-015-0149-3 https://link.springer.com/article/10.1186/s12911-015-0149-3},
    volume = {15},
    year = {2015}
}

@article{bompelli2020,
    author = {Bompelli, Anusha and Li, Jianfu and Xu, Yiqi and Wang, Nan and Wang, Yanshan and Adam, Terrence and He, Zhe and Zhang, Rui},
    keywords = {leafai},
    mendeley-tags = {leafai},
    number = {1},
    title = {{Deep Learning Approach to Parse Eligibility Criteria in Dietary Supplements Clinical Trials Following OMOP Common Data Model}},
    year = {2020}
}

@article{bodenreider2004unified,
  title={{The unified medical language system (UMLS): integrating biomedical terminology}},
  author={Bodenreider, Olivier},
  journal={Nucleic acids research},
  volume={32},
  number={suppl\_1},
  pages={D267--D270},
  year={2004},
  publisher={Oxford University Press}
}

@incollection{manaris1998,
    title = "Natural Language Processing: A Human-Computer Interaction Perspective",
    editor = "Marvin V. Zelkowitz",
    series = "Advances in Computers",
    publisher = "Elsevier",
    volume = "47",
    pages = "1 - 66",
    year = "1998",
    issn = "0065-2458",
    doi = "https://doi.org/10.1016/S0065-2458(08)60665-8",
    url = "http://www.sciencedirect.com/science/article/pii/S0065245808606658",
    author = "Bill Manaris"
}

@article{demner2017metamap,
  title={MetaMap Lite: an evaluation of a new Java implementation of MetaMap},
  author={Demner-Fushman, Dina and Rogers, Willie J and Aronson, Alan R},
  journal={Journal of the American Medical Informatics Association},
  volume={24},
  number={4},
  pages={841--844},
  year={2017},
  publisher={Oxford University Press}
}

@article{dernoncourt2017neuroner,
  title={{NeuroNER: an easy-to-use program for named-entity recognition based on neural networks}},
  author={Dernoncourt, Franck and Lee, Ji Young and Szolovits, Peter},
  journal={arXiv preprint arXiv:1705.05487},
  year={2017}
}

@inproceedings{wu2019enriching,
  title={Enriching pre-trained language model with entity information for relation classification},
  author={Wu, Shanchan and He, Yifan},
  booktitle={Proceedings of the 28th ACM International Conference on Information and Knowledge Management},
  pages={2361--2364},
  year={2019}
}

@article{devlin2018bert,
  title={{Bert: Pre-training of deep bidirectional transformers for language understanding}},
  author={Devlin, Jacob and Chang, Ming-Wei and Lee, Kenton and Toutanova, Kristina},
  journal={arXiv preprint arXiv:1810.04805},
  year={2018}
}

@article{murphy2010serving,
  title={Serving the enterprise and beyond with informatics for integrating biology and the bedside (i2b2)},
  author={Murphy, Shawn N and Weber, Griffin and Mendis, Michael and Gainer, Vivian and Chueh, Henry C and Churchill, Susanne and Kohane, Isaac},
  journal={Journal of the American Medical Informatics Association},
  volume={17},
  number={2},
  pages={124--130},
  year={2010},
  publisher={BMJ Group}
}

@misc{trinetx,
  title = {{TriNetX}},
  howpublished = "\url{ https://www.trinetx.com/}",
  year = {2021}, 
  note = "[Online; accessed 19-February-2021]"
}

@inproceedings{hripcsak1990arden,
  title={{The Arden Syntax for Medical Logic Modules.}},
  author={Hripcsak, George and Clayton, Paul D and Pryor, T Allan and Haug, P and Wigertz, OB and Van der Lei, J},
  booktitle={Proceedings. Symposium on Computer Applications in Medical Care},
  pages={200--204},
  year={1990}
}

@techreport{tu2009ergo,
  title={Ergo: A templatebased expression language for encoding eligibility criteria},
  author={Tu, Samson and Peleg, Mor and Carini, Simona and Rubin, Daniel and Sim, Ida},
  year={2009},
  institution={Technical report}
}

@article{luo2019mcn,
  title={MCN: a comprehensive corpus for medical concept normalization},
  author={Luo, Yen-Fu and Sun, Weiyi and Rumshisky, Anna},
  journal={Journal of biomedical informatics},
  volume={92},
  pages={103132},
  year={2019},
  publisher={Elsevier}
}

@article{hripcsak2015observational,
  title={{Observational Health Data Sciences and Informatics (OHDSI): opportunities for observational researchers}},
  author={Hripcsak, George and Duke, Jon D and Shah, Nigam H and Reich, Christian G and Huser, Vojtech and Schuemie, Martijn J and Suchard, Marc A and Park, Rae Woong and Wong, Ian Chi Kei and Rijnbeek, Peter R and others},
  journal={Studies in health technology and informatics},
  volume={216},
  pages={574},
  year={2015},
  publisher={NIH Public Access}
}

@article{sang2003introduction,
  title={Introduction to the CoNLL-2003 shared task: Language-independent named entity recognition},
  author={Sang, Erik F and De Meulder, Fien},
  journal={arXiv preprint cs/0306050},
  year={2003}
}

@inproceedings{nirenburg2001ontological,
  title={Ontological semantics, formal ontology, and ambiguity},
  author={Nirenburg, Sergei and Raskin, Victor},
  booktitle={Proceedings of the international conference on Formal Ontology in Information Systems-Volume 2001},
  pages={151--161},
  year={2001}
}

@inproceedings{chang2012sutime,
  title={Sutime: A library for recognizing and normalizing time expressions.},
  author={Chang, Angel X and Manning, Christopher D},
  booktitle={Lrec},
  volume={3735},
  pages={3740},
  year={2012}
}

@article{richesson2013electronic,
  title={{Electronic health records based phenotyping in next-generation clinical trials: a perspective from the NIH Health Care Systems Collaboratory}},
  author={Richesson, Rachel L and Hammond, W Ed and Nahm, Meredith and Wixted, Douglas and Simon, Gregory E and Robinson, Jennifer G and Bauck, Alan E and Cifelli, Denise and Smerek, Michelle M and Dickerson, John and others},
  journal={Journal of the American Medical Informatics Association},
  volume={20},
  number={e2},
  pages={e226--e231},
  year={2013},
  publisher={BMJ Publishing Group}
}

@article{parker2005generating,
  title={Generating medical logic modules for clinical trial eligibility},
  author={Parker, Craig G},
  year={2005},
  publisher={Brigham Young University-Provo}
}

@article{wang2019translate,
  title={A translate-edit model for natural language question to sql query generation on multi-relational healthcare data},
  author={Wang, Ping and Shi, Tian and Reddy, Chandan K},
  journal={arXiv preprint arXiv:1908.01839},
  year={2019}
}

@article{beltagy2019scibert,
  title={Scibert: A pretrained language model for scientific text},
  author={Beltagy, Iz and Lo, Kyle and Cohan, Arman},
  journal={arXiv preprint arXiv:1903.10676},
  year={2019}
}

@article{gu2021domain,
  title={Domain-specific language model pretraining for biomedical natural language processing},
  author={Gu, Yu and Tinn, Robert and Cheng, Hao and Lucas, Michael and Usuyama, Naoto and Liu, Xiaodong and Naumann, Tristan and Gao, Jianfeng and Poon, Hoifung},
  journal={ACM Transactions on Computing for Healthcare (HEALTH)},
  volume={3},
  number={1},
  pages={1--23},
  year={2021},
  publisher={ACM New York, NY}
}

@inproceedings{pennington2014glove,
  title={Glove: Global vectors for word representation},
  author={Pennington, Jeffrey and Socher, Richard and Manning, Christopher D},
  booktitle={Proceedings of the 2014 conference on empirical methods in natural language processing (EMNLP)},
  pages={1532--1543},
  year={2014}
}

@inproceedings{lin2004rouge,
  title={Rouge: A package for automatic evaluation of summaries},
  author={Lin, Chin-Yew},
  booktitle={Text summarization branches out},
  pages={74--81},
  year={2004}
}

@inproceedings{koopman2016test,
  title={A test collection for matching patients to clinical trials},
  author={Koopman, Bevan and Zuccon, Guido},
  booktitle={Proceedings of the 39th International ACM SIGIR conference on Research and Development in Information Retrieval},
  pages={669--672},
  year={2016}
}

@article{liu2020implementation,
  title={{Implementation of a cohort retrieval system for clinical data repositories using the observational medical outcomes partnership common data model: Proof-of-concept system validation}},
  author={Liu, Sijia and Wang, Yanshan and Wen, Andrew and Wang, Liwei and Hong, Na and Shen, Feichen and Bedrick, Steven and Hersh, William and Liu, Hongfang and others},
  journal={JMIR medical informatics},
  volume={8},
  number={10},
  pages={e17376},
  year={2020},
  publisher={JMIR Publications Inc., Toronto, Canada}
}

@article{park2021framework,
  title={A framework (SOCRATex) for hierarchical annotation of unstructured electronic health records and integration into a standardized medical database: development and usability study},
  author={Park, Jimyung and You, Seng Chan and Jeong, Eugene and Weng, Chunhua and Park, Dongsu and Roh, Jin and Lee, Dong Yun and Cheong, Jae Youn and Choi, Jin Wook and Kang, Mira and others},
  journal={JMIR medical informatics},
  volume={9},
  number={3},
  pages={e23983},
  year={2021},
  publisher={JMIR Publications Inc., Toronto, Canada}
}

@article{truong2022ittc,
  title={{ITTC@ TREC 2021 Clinical Trials Track}},
  author={Truong, Thinh Hung and Otmakhova, Yulia and Mahendra, Rahmad and Baldwin, Timothy and Lau, Jey Han and Cohn, Trevor and Cavedon, Lawrence and Spina, Damiano and Verspoor, Karin},
  journal={arXiv preprint arXiv:2202.07858},
  year={2022}
}


@article{fang2022combining,
  title={Combining human and machine intelligence for clinical trial eligibility querying},
  author={Fang, Yilu and Idnay, Betina and Sun, Yingcheng and Liu, Hao and Chen, Zhehuan and Marder, Karen and Xu, Hua and Schnall, Rebecca and Weng, Chunhua},
  journal={Journal of the American Medical Informatics Association},
  year={2022}
}

@article{choi2021ryansql,
  title={Ryansql: Recursively applying sketch-based slot fillings for complex text-to-sql in cross-domain databases},
  author={Choi, DongHyun and Shin, Myeong Cheol and Kim, EungGyun and Shin, Dong Ryeol},
  journal={Computational Linguistics},
  volume={47},
  number={2},
  pages={309--332},
  year={2021},
  publisher={MIT Press One Rogers Street, Cambridge, MA 02142-1209, USA journals-info~…}
}

@article{herzig2021unlocking,
  title={Unlocking compositional generalization in pre-trained models using intermediate representations},
  author={Herzig, Jonathan and Shaw, Peter and Chang, Ming-Wei and Guu, Kelvin and Pasupat, Panupong and Zhang, Yuan},
  journal={arXiv preprint arXiv:2104.07478},
  year={2021}
}

@article{pan2021bert,
  title={A BERT-Based Generation Model to Transform Medical Texts to SQL Queries for Electronic Medical Records: Model Development and Validation},
  author={Pan, Youcheng and Wang, Chenghao and Hu, Baotian and Xiang, Yang and Wang, Xiaolong and Chen, Qingcai and Chen, Junjie and Du, Jingcheng and others},
  journal={JMIR Medical Informatics},
  volume={9},
  number={12},
  pages={e32698},
  year={2021},
  publisher={JMIR Publications Inc., Toronto, Canada}
}

@inproceedings{bae2021question,
  title={Question Answering for Complex Electronic Health Records Database using Unified Encoder-Decoder Architecture},
  author={Bae, Seongsu and Kim, Daeyoung and Kim, Jiho and Choi, Edward},
  booktitle={Machine Learning for Health},
  pages={13--25},
  year={2021},
  organization={PMLR}
}

@inproceedings{wang2020text,
  title={Text-to-SQL generation for question answering on electronic medical records},
  author={Wang, Ping and Shi, Tian and Reddy, Chandan K},
  booktitle={Proceedings of The Web Conference 2020},
  pages={350--361},
  year={2020}
}

@article{suhr2020exploring,
  title={Exploring unexplored generalization challenges for cross-database semantic parsing},
  author={Suhr, Alane Laughlin and Lee, Kenton and Chang, Ming-Wei and Shaw, Pete},
  year={2020}
}

@inproceedings{yu2020dataset,
  title={Dataset and enhanced model for eligibility criteria-to-SQL semantic parsing},
  author={Yu, Xiaojing and Chen, Tianlong and Yu, Zhengjie and Li, Huiyu and Yang, Yang and Jiang, Xiaoqian and Jiang, Anxiao},
  booktitle={12th International Conference on Language Resources and Evaluation (LREC)},
  year={2020}
}

@article{guo2019towards,
  title={Towards complex text-to-sql in cross-domain database with intermediate representation},
  author={Guo, Jiaqi and Zhan, Zecheng and Gao, Yan and Xiao, Yan and Lou, Jian-Guang and Liu, Ting and Zhang, Dongmei},
  journal={arXiv preprint arXiv:1905.08205},
  year={2019}
}

@inproceedings{xu2019automatic,
  title={Automatic Translation of Clinical Trial Eligibility Criteria into Formal Queries.},
  author={Xu, Chao and Forkel, Walter and Borgwardt, Stefan and Baader, Franz and Zhou, Beihai},
  booktitle={JOWO},
  year={2019}
}

@article{yu2018spider,
  title={Spider: A large-scale human-labeled dataset for complex and cross-domain semantic parsing and text-to-sql task},
  author={Yu, Tao and Zhang, Rui and Yang, Kai and Yasunaga, Michihiro and Wang, Dongxu and Li, Zifan and Ma, James and Li, Irene and Yao, Qingning and Roman, Shanelle and others},
  journal={arXiv preprint arXiv:1809.08887},
  year={2018}
}

@inproceedings{baader2018patient,
  title={Patient selection for clinical trials using temporalized ontology-mediated query answering},
  author={Baader, Franz and Borgwardt, Stefan and Forkel, Walter},
  booktitle={Companion Proceedings of the The Web Conference 2018},
  pages={1069--1074},
  year={2018}
}

@inproceedings{zhang2018computable,
  title={Computable eligibility criteria through ontology-driven data access: a case study of hepatitis C virus trials},
  author={Zhang, Hansi and He, Zhe and He, Xing and Guo, Yi and Nelson, David R and Modave, Fran{\c{c}}ois and Wu, Yonghui and Hogan, William and Prosperi, Mattia and Bian, Jiang},
  booktitle={AMIA Annual Symposium Proceedings},
  volume={2018},
  pages={1601},
  year={2018},
  organization={American Medical Informatics Association}
}

@article{calvanese2017ontop,
  title={Ontop: Answering SPARQL queries over relational databases},
  author={Calvanese, Diego and Cogrel, Benjamin and Komla-Ebri, Sarah and Kontchakov, Roman and Lanti, Davide and Rezk, Martin and Rodriguez-Muro, Mariano and Xiao, Guohui},
  journal={Semantic Web},
  volume={8},
  number={3},
  pages={471--487},
  year={2017},
  publisher={IOS Press}
}

@article{xu2017sqlnet,
  title={Sqlnet: Generating structured queries from natural language without reinforcement learning},
  author={Xu, Xiaojun and Liu, Chang and Song, Dawn},
  journal={arXiv preprint arXiv:1711.04436},
  year={2017}
}

@article{zhong2017seq2sql,
  title={Seq2sql: Generating structured queries from natural language using reinforcement learning},
  author={Zhong, Victor and Xiong, Caiming and Socher, Richard},
  journal={arXiv preprint arXiv:1709.00103},
  year={2017}
}

@article{dar2019frameworks,
  title={Frameworks for querying databases using natural language: a literature review},
  author={Dar, Hafsa Shareef and Lali, M Ikramullah and Din, Moin Ul and Malik, Khalid Mahmood and Bukhari, Syed Ahmad Chan},
  journal={arXiv preprint arXiv:1909.01822},
  year={2019}
}

@article{jain2012enhancing,
  title={Enhancing electronic medical record retrieval through semantic query expansion},
  author={Jain, Hemant and Thao, Cheng and Zhao, Huimin},
  journal={Information systems and e-business management},
  volume={10},
  number={2},
  pages={165--181},
  year={2012},
  publisher={Springer}
}

@article{lonsdale2008assessing,
  title={Assessing clinical trial eligibility with logic expression queries},
  author={Lonsdale, Deryle W and Tustison, Clint and Parker, Craig G and Embley, David W},
  journal={Data \& Knowledge Engineering},
  volume={66},
  number={1},
  pages={3--17},
  year={2008},
  publisher={Elsevier}
}

@inproceedings{zhang2020deepenroll,
  title={DeepEnroll: patient-trial matching with deep embedding and entailment prediction},
  author={Zhang, Xingyao and Xiao, Cao and Glass, Lucas M and Sun, Jimeng},
  booktitle={Proceedings of The Web Conference 2020},
  pages={1029--1037},
  year={2020}
}

@inproceedings{soni2020patient,
  title={Patient cohort retrieval using transformer language models},
  author={Soni, Sarvesh and Roberts, Kirk},
  booktitle={AMIA annual symposium proceedings},
  volume={2020},
  pages={1150},
  year={2020},
  organization={American Medical Informatics Association}
}

@article{whitton2021automated,
  title={Automated tabulation of clinical trial results: A joint entity and relation extraction approach with transformer-based language representations},
  author={Whitton, Jetsun and Hunter, Anthony},
  journal={arXiv preprint arXiv:2112.05596},
  year={2021}
}

@article{sun2021building,
  title={Building an OMOP common data model-compliant annotated corpus for COVID-19 clinical trials},
  author={Sun, Yingcheng and Butler, Alex and Stewart, Latoya A and Liu, Hao and Yuan, Chi and Southard, Christopher T and Kim, Jae Hyun and Weng, Chunhua},
  journal={Journal of biomedical informatics},
  volume={118},
  pages={103790},
  year={2021},
  publisher={Elsevier}
}

@article{sun2019knowledge,
  title={Knowledge-guided text structuring in clinical trials},
  author={Sun, Yingcheng and Loparo, Kenneth},
  journal={arXiv preprint arXiv:1912.12380},
  year={2019}
}

@article{rafee2022elapro,
  title={ELaPro, a LOINC-mapped core dataset for top laboratory procedures of eligibility screening for clinical trials},
  author={Rafee, Ahmed and Riepenhausen, Sarah and Neuhaus, Philipp and Meidt, Alexandra and Dugas, Martin and Varghese, Julian},
  journal={BMC Medical Research Methodology},
  volume={22},
  number={1},
  pages={1--14},
  year={2022},
  publisher={BioMed Central}
}

@inproceedings{yang2010esoogle,
  title={Esoogle: A Semantic-based Expert Information Service System},
  author={Yang, Liu and Hu, Zhigang and Long, Jun},
  booktitle={2010 3rd International Conference on Information Management, Innovation Management and Industrial Engineering},
  volume={4},
  pages={642--645},
  year={2010},
  organization={IEEE}
}

@inproceedings{rongali2020don,
  title={Don’t parse, generate! a sequence to sequence architecture for task-oriented semantic parsing},
  author={Rongali, Subendhu and Soldaini, Luca and Monti, Emilio and Hamza, Wael},
  booktitle={Proceedings of The Web Conference 2020},
  pages={2962--2968},
  year={2020}
}

@article{einolghozati2019improving,
  title={Improving semantic parsing for task oriented dialog},
  author={Einolghozati, Arash and Pasupat, Panupong and Gupta, Sonal and Shah, Rushin and Mohit, Mrinal and Lewis, Mike and Zettlemoyer, Luke},
  journal={arXiv preprint arXiv:1902.06000},
  year={2019}
}

@article{dong2016language,
  title={Language to logical form with neural attention},
  author={Dong, Li and Lapata, Mirella},
  journal={arXiv preprint arXiv:1601.01280},
  year={2016}
}

@inproceedings{vengadeswaran2019semantically,
  title={Semantically Annotated Metadata: Interconnecting Samply. MDR and MDM-Portal.},
  author={Vengadeswaran, Abishaa and Neuhaus, Philipp and Hegselmann, Stefan and Storf, Holger and Kadioglu, Dennis},
  booktitle={GMDS},
  pages={86--92},
  year={2019}
}

@article{xu2016healthcare,
  title={Healthcare data analytics: Using a metadata annotation approach for integrating electronic hospital records},
  author={Xu, Boyi and Xu, Ke and Fu, LiuLiu and Li, Ling and Xin, Weiwei and Cai, Hongming},
  journal={Journal of Management Analytics},
  volume={3},
  number={2},
  pages={136--151},
  year={2016},
  publisher={Taylor \& Francis}
}

@article{sweet2013electronic,
  title={Electronic health records data and metadata: challenges for big data in the United States},
  author={Sweet, Lauren E and Moulaison, Heather Lea},
  journal={Big data},
  volume={1},
  number={4},
  pages={245--251},
  year={2013},
  publisher={Mary Ann Liebert, Inc. 140 Huguenot Street, 3rd Floor New Rochelle, NY 10801 USA}
}

@article{stevens2002oiling,
  title={OILing the way to machine understandable bioinformatics resources},
  author={Stevens, Robert and Goble, Carole and Horrocks, Ian and Bechhofer, Sean},
  journal={IEEE Transactions on Information Technology in Biomedicine},
  volume={6},
  number={2},
  pages={129--134},
  year={2002},
  publisher={IEEE}
}

@article{liu2021evaluating,
  title={Evaluating eligibility criteria of oncology trials using real-world data and AI},
  author={Liu, Ruishan and Rizzo, Shemra and Whipple, Samuel and Pal, Navdeep and Pineda, Arturo Lopez and Lu, Michael and Arnieri, Brandon and Lu, Ying and Capra, William and Copping, Ryan and others},
  journal={Nature},
  volume={592},
  number={7855},
  pages={629--633},
  year={2021},
  publisher={Nature Publishing Group}
}

@inproceedings{soni2019using,
  title={Using FHIR to construct a corpus of clinical questions annotated with logical forms and answers},
  author={Soni, Sarvesh and Gudala, Meghana and Wang, Daisy Zhe and Roberts, Kirk},
  booktitle={AMIA Annual Symposium Proceedings},
  volume={2019},
  pages={1207},
  year={2019},
  organization={American Medical Informatics Association}
}

@article{herzig2018decoupling,
  title={Decoupling structure and lexicon for zero-shot semantic parsing},
  author={Herzig, Jonathan and Berant, Jonathan},
  journal={arXiv preprint arXiv:1804.07918},
  year={2018}
}

@inproceedings{roberts2016annotating,
  title={Annotating logical forms for EHR questions},
  author={Roberts, Kirk and Demner-Fushman, Dina},
  booktitle={LREC... International Conference on Language Resources \& Evaluation:[proceedings]. International Conference on Language Resources and Evaluation},
  volume={2016},
  pages={3772},
  year={2016},
  organization={NIH Public Access}
}

@article{levy2015structuring,
  title={Structuring clinical trial eligibility criteria with the common data model},
  author={Levy-fix, Gal and Yaman, Anil and Weng, Chunhua},
  year={2015},
  publisher={Citeseer}
}

@inproceedings{kwiatkowski2013scaling,
  title={Scaling semantic parsers with on-the-fly ontology matching},
  author={Kwiatkowski, Tom and Choi, Eunsol and Artzi, Yoav and Zettlemoyer, Luke},
  booktitle={Proceedings of the 2013 conference on empirical methods in natural language processing},
  pages={1545--1556},
  year={2013}
}

@article{hunter2010survey,
  title={A survey of formalisms for representing and reasoning with scientific knowledge},
  author={Hunter, Anthony and Liu, Weiru},
  journal={The Knowledge Engineering Review},
  volume={25},
  number={2},
  pages={199--222},
  year={2010},
  publisher={Cambridge University Press}
}

@inproceedings{zelle1996learning,
  title={Learning to parse database queries using inductive logic programming},
  author={Zelle, John M and Mooney, Raymond J},
  booktitle={Proceedings of the national conference on artificial intelligence},
  pages={1050--1055},
  year={1996}
}

@article{lee2017medical,
  title={Medical big data: promise and challenges},
  author={Lee, Choong Ho and Yoon, Hyung-Jin},
  journal={Kidney research and clinical practice},
  volume={36},
  number={1},
  pages={3},
  year={2017},
  publisher={Korean Society of Nephrology}
}

@inproceedings{sholle2017secondary,
  title={Secondary use of patients’ electronic records (SUPER): an approach for meeting specific data needs of clinical and translational researchers},
  author={Sholle, Evan T and Kabariti, Joseph and Johnson, Stephen B and Leonard, John P and Pathak, Jyotishman and Varughese, Vinay I and Cole, Curtis L and Campion Jr, Thomas R},
  booktitle={AMIA Annual Symposium Proceedings},
  volume={2017},
  pages={1581},
  year={2017},
  organization={American Medical Informatics Association}
}

@article{cowie2017electronic,
  title={Electronic health records to facilitate clinical research},
  author={Cowie, Martin R and Blomster, Juuso I and Curtis, Lesley H and Duclaux, Sylvie and Ford, Ian and Fritz, Fleur and Goldman, Samantha and Janmohamed, Salim and Kreuzer, J{\"o}rg and Leenay, Mark and others},
  journal={Clinical Research in Cardiology},
  volume={106},
  number={1},
  pages={1--9},
  year={2017},
  publisher={Springer}
}

@article{adams2015barriers,
  title={Barriers and opportunities for enhancing patient recruitment and retention in clinical research: findings from an interview study in an NHS academic health science centre},
  author={Adams, Mary and Caffrey, Louise and McKevitt, Christopher},
  journal={Health research policy and systems},
  volume={13},
  number={1},
  pages={1--9},
  year={2015},
  publisher={BioMed Central}
}

@article{gul2010clinical,
  title={Clinical trials: the challenge of recruitment and retention of participants},
  author={Gul, Raisa B and Ali, Parveen A},
  journal={Journal of clinical nursing},
  volume={19},
  number={1-2},
  pages={227--233},
  year={2010},
  publisher={Wiley Online Library}
}

@inproceedings{wang2017classifying,
  title={Classifying clinical trial eligibility criteria to facilitate phased cohort identification using clinical data repositories},
  author={Wang, Amy Y and Lancaster, William J and Wyatt, Matthew C and Rasmussen, Luke V and Fort, Daniel G and Cimino, James J},
  booktitle={AMIA Annual Symposium Proceedings},
  volume={2017},
  pages={1754},
  year={2017},
  organization={American Medical Informatics Association}
}

@article{deshmukh2009evaluating,
  title={Evaluating the informatics for integrating biology and the bedside system for clinical research},
  author={Deshmukh, Vikrant G and Meystre, St{\'e}phane M and Mitchell, Joyce A},
  journal={BMC medical research methodology},
  volume={9},
  number={1},
  pages={1--12},
  year={2009},
  publisher={Springer}
}

@article{chen2019clinical,
  title={Clinical trial cohort selection based on multi-level rule-based natural language processing system},
  author={Chen, Long and Gu, Yu and Ji, Xin and Lou, Chao and Sun, Zhiyong and Li, Haodan and Gao, Yuan and Huang, Yang},
  journal={Journal of the American Medical Informatics Association},
  volume={26},
  number={11},
  pages={1218--1226},
  year={2019},
  publisher={Oxford University Press}
}

@incollection{patrao2015recruit,
  title={Recruit-An Ontology Based Information Retrieval System for Clinical Trials Recruitment},
  author={Patr{\~a}o, Diogo FC and Oleynik, Michel and Massicano, Felipe and Morassi Sasso, Ariane},
  booktitle={MEDINFO 2015: eHealth-enabled Health},
  pages={534--538},
  year={2015},
  publisher={IOS Press}
}

@misc{lucene,
  title = {Apache Lucene},
  howpublished = {\url{https://lucene.apache.org/}},
  note = {Accessed: 2022-08-16}
}

@inproceedings{park2021knowledge,
  title={Knowledge graph-based question answering with electronic health records},
  author={Park, Junwoo and Cho, Youngwoo and Lee, Haneol and Choo, Jaegul and Choi, Edward},
  booktitle={Machine Learning for Healthcare Conference},
  pages={36--53},
  year={2021},
  organization={PMLR}
}

@article{johnson2016mimic,
  title={MIMIC-III, a freely accessible critical care database},
  author={Johnson, Alistair EW and Pollard, Tom J and Shen, Lu and Lehman, Li-wei H and Feng, Mengling and Ghassemi, Mohammad and Moody, Benjamin and Szolovits, Peter and Anthony Celi, Leo and Mark, Roger G},
  journal={Scientific data},
  volume={3},
  number={1},
  pages={1--9},
  year={2016},
  publisher={Nature Publishing Group}
}

@article{dhayne2021emr2vec,
  title={EMR2vec: Bridging the gap between patient data and clinical trial},
  author={Dhayne, Houssein and Kilany, Rima and Haque, Rafiqul and Taher, Yehia},
  journal={Computers \& Industrial Engineering},
  volume={156},
  pages={107236},
  year={2021},
  publisher={Elsevier}
}

@incollection{patel2007matching,
  title={Matching patient records to clinical trials using ontologies},
  author={Patel, Chintan and Cimino, James and Dolby, Julian and Fokoue, Achille and Kalyanpur, Aditya and Kershenbaum, Aaron and Ma, Li and Schonberg, Edith and Srinivas, Kavitha},
  booktitle={The Semantic Web},
  pages={816--829},
  year={2007},
  publisher={Springer}
}

@incollection{huang2013semanticct,
  title={SemanticCT: a semantically-enabled system for clinical trials},
  author={Huang, Zhisheng and Teije, Annette ten and Harmelen, Frank van},
  booktitle={Process Support and Knowledge Representation in Health Care},
  pages={11--25},
  year={2013},
  publisher={Springer}
}

@misc{owl,
  title = {OWL 2 Web Ontology Language Primer},
  howpublished = {\url{https://www.w3.org/TR/owl2-primer/}},
  note = {Accessed: 2022-08-16}
}

@article{belenkaya2021extending,
  title={Extending the OMOP common data model and standardized vocabularies to support observational cancer research},
  author={Belenkaya, Rimma and Gurley, Michael J and Golozar, Asieh and Dymshyts, Dmitry and Miller, Robert T and Williams, Andrew E and Ratwani, Shilpa and Siapos, Anastasios and Korsik, Vladislav and Warner, Jeremy and others},
  journal={JCO Clinical Cancer Informatics},
  volume={5},
  year={2021},
  publisher={American Society of Clinical Oncology}
}

@inproceedings{peng2021towards,
  title={Towards the Representation of Genomic Data in HL7 FHIR and OMOP CDM.},
  author={Peng, Yuan and Nassirian, Azadeh and Ahmadi, Najia and Sedlmayr, Martin and Bathelt, Franziska},
  booktitle={GMDS},
  pages={86--94},
  year={2021}
}

@inproceedings{zoch2021adaption,
  title={Adaption of the OMOP CDM for Rare Diseases.},
  author={Zoch, Michele and Gierschner, Christian and Peng, Yuan and Gruhl, Mirko and Leutner, Liz A and Sedlmayr, Martin and Bathelt, Franziska and others},
  booktitle={MIE},
  pages={138--142},
  year={2021}
}

@article{warner2019hemonc,
  title={HemOnc: A new standard vocabulary for chemotherapy regimen representation in the OMOP common data model},
  author={Warner, Jeremy L and Dymshyts, Dmitry and Reich, Christian G and Gurley, Michael J and Hochheiser, Harry and Moldwin, Zachary H and Belenkaya, Rimma and Williams, Andrew E and Yang, Peter C},
  journal={Journal of biomedical informatics},
  volume={96},
  pages={103239},
  year={2019},
  publisher={Elsevier}
}

@article{zhou2013evaluation,
  title={An evaluation of the THIN database in the OMOP Common Data Model for active drug safety surveillance},
  author={Zhou, Xiaofeng and Murugesan, Sundaresan and Bhullar, Harshvinder and Liu, Qing and Cai, Bing and Wentworth, Chuck and Bate, Andrew},
  journal={Drug safety},
  volume={36},
  number={2},
  pages={119--134},
  year={2013},
  publisher={Springer}
}

@article{shin2019genomic,
  title={Genomic common data model for seamless interoperation of biomedical data in clinical practice: retrospective study},
  author={Shin, Seo Jeong and You, Seng Chan and Park, Yu Rang and Roh, Jin and Kim, Jang-Hee and Haam, Seokjin and Reich, Christian G and Blacketer, Clair and Son, Dae-Soon and Oh, Seungbin and others},
  journal={Journal of medical Internet research},
  volume={21},
  number={3},
  pages={e13249},
  year={2019},
  publisher={JMIR Publications Inc., Toronto, Canada}
}

@inproceedings{kwon2019development,
  title={Development of common data module extension for radiology data (R-CDM): A pilot study to predict outcome of liver cirrhosis with using portal phase abdominal computed tomography data},
  author={Kwon, EY and Jeong, C-W and Kang, DM and Kim, YR and Lee, YH and Yoon, K-H and others},
  year={2019},
  organization={European Congress of Radiology-ECR 2019}
}

@article{xiong2019cohort,
  title={Cohort selection for clinical trials using hierarchical neural network},
  author={Xiong, Ying and Shi, Xue and Chen, Shuai and Jiang, Dehuan and Tang, Buzhou and Wang, Xiaolong and Chen, Qingcai and Yan, Jun},
  journal={Journal of the American Medical Informatics Association},
  volume={26},
  number={11},
  pages={1203--1208},
  year={2019},
  publisher={Oxford University Press}
}

@article{warrer2012using,
  title={Using text-mining techniques in electronic patient records to identify ADRs from medicine use},
  author={Warrer, Pernille and Hansen, Ebba Holme and Juhl-Jensen, Lars and Aagaard, Lise},
  journal={British journal of clinical pharmacology},
  volume={73},
  number={5},
  pages={674--684},
  year={2012},
  publisher={Wiley Online Library}
}

@article{ross2010analysis,
  title={Analysis of eligibility criteria complexity in clinical trials},
  author={Ross, Jessica and Tu, Samson and Carini, Simona and Sim, Ida},
  journal={Summit on translational bioinformatics},
  volume={2010},
  pages={46},
  year={2010},
  publisher={American Medical Informatics Association}
}

@misc{grpc,
  title = {gRPC: A high performance, open source universal RPC framework},
  howpublished = {\url{https://grpc.io//}},
  note = {Accessed: 2022-08-16}
}

@misc{docker,
  title = {Docker},
  howpublished = {\url{https://www.docker.com}},
  note = {Accessed: 2022-08-16}
}

@inproceedings{johnstone1998generalised,
  title={Generalised recursive descent parsing and follow-determinism},
  author={Johnstone, Adrian and Scott, Elizabeth},
  booktitle={International Conference on Compiler Construction},
  pages={16--30},
  year={1998},
  organization={Springer}
}

@article{dobbins2022leaf,
  title={The Leaf Clinical Trials Corpus: a new resource for query generation from clinical trial eligibility criteria},
  author={Dobbins, Nicholas J and Mullen, Tony and Uzuner, {\"O}zlem and Yetisgen, Meliha},
  journal={Scientific Data},
  volume={9},
  number={1},
  pages={1--15},
  year={2022},
  publisher={Nature Publishing Group}
}

@article{johnson2014use,
  title={Use of the i2b2 research query tool to conduct a matched case--control clinical research study: advantages, disadvantages and methodological considerations},
  author={Johnson, Emilie K and Broder-Fingert, Sarabeth and Tanpowpong, Pornthep and Bickel, Jonathan and Lightdale, Jenifer R and Nelson, Caleb P},
  journal={BMC medical research methodology},
  volume={14},
  number={1},
  pages={1--6},
  year={2014},
  publisher={BioMed Central}
}

@article{raffel2020exploring,
  title={Exploring the limits of transfer learning with a unified text-to-text transformer.},
  author={Raffel, Colin and Shazeer, Noam and Roberts, Adam and Lee, Katherine and Narang, Sharan and Matena, Michael and Zhou, Yanqi and Li, Wei and Liu, Peter J and others},
  journal={J. Mach. Learn. Res.},
  volume={21},
  number={140},
  pages={1--67},
  year={2020}
}

@inproceedings{aronson2001effective,
  title={Effective mapping of biomedical text to the UMLS Metathesaurus: the MetaMap program.},
  author={Aronson, Alan R},
  booktitle={Proceedings of the AMIA Symposium},
  pages={17},
  year={2001},
  organization={American Medical Informatics Association}
}

@article{lee2020normalizing,
  title={Normalizing Adverse Events using Recurrent Neural Networks with Attention},
  author={Lee, Kahyun and Uzuner, {\"O}zlem},
  journal={AMIA Summits on Translational Science Proceedings},
  volume={2020},
  pages={345},
  year={2020},
  publisher={American Medical Informatics Association}
}

@article{noy2009bioportal,
  title={BioPortal: ontologies and integrated data resources at the click of a mouse},
  author={Noy, Natalya F and Shah, Nigam H and Whetzel, Patricia L and Dai, Benjamin and Dorf, Michael and Griffith, Nicholas and Jonquet, Clement and Rubin, Daniel L and Storey, Margaret-Anne and Chute, Christopher G and others},
  journal={Nucleic acids research},
  volume={37},
  number={suppl\_2},
  pages={W170--W173},
  year={2009},
  publisher={Oxford University Press}
}

@article{schriml2012disease,
  title={Disease Ontology: a backbone for disease semantic integration},
  author={Schriml, Lynn Marie and Arze, Cesar and Nadendla, Suvarna and Chang, Yu-Wei Wayne and Mazaitis, Mark and Felix, Victor and Feng, Gang and Kibbe, Warren Alden},
  journal={Nucleic acids research},
  volume={40},
  number={D1},
  pages={D940--D946},
  year={2012},
  publisher={Oxford University Press}
}

@article{sayers2010database,
  title={Database resources of the national center for biotechnology information},
  author={Sayers, Eric W and Barrett, Tanya and Benson, Dennis A and Bolton, Evan and Bryant, Stephen H and Canese, Kathi and Chetvernin, Vyacheslav and Church, Deanna M and DiCuccio, Michael and Federhen, Scott and others},
  journal={Nucleic acids research},
  volume={39},
  number={suppl\_1},
  pages={D38--D51},
  year={2010},
  publisher={Oxford University Press}
}

@article{ayvaz2015toward,
  title={Toward a complete dataset of drug--drug interaction information from publicly available sources},
  author={Ayvaz, Serkan and Horn, John and Hassanzadeh, Oktie and Zhu, Qian and Stan, Johann and Tatonetti, Nicholas P and Vilar, Santiago and Brochhausen, Mathias and Samwald, Matthias and Rastegar-Mojarad, Majid and others},
  journal={Journal of biomedical informatics},
  volume={55},
  pages={206--217},
  year={2015},
  publisher={Elsevier}
}

@article{zhang2019semantic,
  title={Semantic integration of clinical laboratory tests from electronic health records for deep phenotyping and biomarker discovery},
  author={Zhang, Xingmin Aaron and Yates, Amy and Vasilevsky, Nicole and Gourdine, JP and Callahan, Tiffany J and Carmody, Leigh C and Danis, Daniel and Joachimiak, Marcin P and Ravanmehr, Vida and Pfaff, Emily R and others},
  journal={NPJ digital medicine},
  volume={2},
  number={1},
  pages={1--9},
  year={2019},
  publisher={Nature Publishing Group}
}

@inproceedings{wang2008automated,
  title={Automated knowledge acquisition from clinical narrative reports},
  author={Wang, Xiaoyan and Chused, Amy and Elhadad, No{\'e}mie and Friedman, Carol and Markatou, Marianthi},
  booktitle={AMIA Annual Symposium Proceedings},
  volume={2008},
  pages={783},
  year={2008},
  organization={American Medical Informatics Association}
}

@article{sargsyan2020covid,
  title={The COVID-19 ontology},
  author={Sargsyan, Astghik and Kodamullil, Alpha Tom and Baksi, Shounak and Darms, Johannes and Madan, Sumit and Gebel, Stephan and Keminer, Oliver and Jose, Geena Mariya and Balabin, Helena and DeLong, Lauren Nicole and others},
  journal={Bioinformatics},
  volume={36},
  number={24},
  pages={5703--5705},
  year={2020},
  publisher={Oxford University Press}
}

@book{friedman2015fundamentals,
  title={Fundamentals of clinical trials},
  author={Friedman, Lawrence M and Furberg, Curt D and DeMets, David L and Reboussin, David M and Granger, Christopher B},
  year={2015},
  publisher={Springer}
}

@article{rothwell2005external,
  title={External validity of randomised controlled trials:“to whom do the results of this trial apply?”},
  author={Rothwell, Peter M},
  journal={The Lancet},
  volume={365},
  number={9453},
  pages={82--93},
  year={2005},
  publisher={Elsevier}
}

@article{frank2004current,
  title={Current challenges in clinical trial patient recruitment and enrollment},
  author={Frank, Genevieve},
  journal={SoCRA Source},
  volume={2},
  number={February},
  pages={30--38},
  year={2004}
}

@article{grill2010addressing,
  title={Addressing the challenges to successful recruitment and retention in Alzheimer's disease clinical trials},
  author={Grill, Joshua D and Karlawish, Jason},
  journal={Alzheimer's research \& therapy},
  volume={2},
  number={6},
  pages={1--11},
  year={2010},
  publisher={Springer}
}

@article{heller2014strategies,
  title={Strategies addressing barriers to clinical trial enrollment of underrepresented populations: a systematic review},
  author={Heller, Caren and Balls-Berry, Joyce E and Nery, Jill Dumbauld and Erwin, Patricia J and Littleton, Dawn and Kim, Mimi and Kuo, Winston P},
  journal={Contemporary clinical trials},
  volume={39},
  number={2},
  pages={169--182},
  year={2014},
  publisher={Elsevier}
}

@article{nipp2019overcoming,
  title={Overcoming barriers to clinical trial enrollment},
  author={Nipp, Ryan D and Hong, Kessely and Paskett, Electra D},
  journal={American Society of Clinical Oncology Educational Book},
  volume={39},
  pages={105--114},
  year={2019},
  publisher={American Society of Clinical Oncology Alexandria, VA}
}

@article{penberthy2010automated,
  title={Automated matching software for clinical trials eligibility: measuring efficiency and flexibility},
  author={Penberthy, Lynne and Brown, Richard and Puma, Federico and Dahman, Bassam},
  journal={Contemporary clinical trials},
  volume={31},
  number={3},
  pages={207--217},
  year={2010},
  publisher={Elsevier}
}

@article{guadagnolo2009involving,
  title={Involving American Indians and medically underserved rural populations in cancer clinical trials},
  author={Guadagnolo, B Ashleigh and Petereit, Daniel G and Helbig, Petra and Koop, David and Kussman, Patricia and Fox Dunn, Emily and Patnaik, Asha},
  journal={Clinical trials},
  volume={6},
  number={6},
  pages={610--617},
  year={2009},
  publisher={SAGE Publications Sage UK: London, England}
}

@article{holmes2012increasing,
  title={Increasing minority patient participation in cancer clinical trials using oncology nurse navigation},
  author={Holmes, Dennis Ricky and Major, Jacquelyn and Lyonga, Doris Efosi and Alleyne, Rebecca Simone and Clayton, Sheilah Marie},
  journal={The American journal of surgery},
  volume={203},
  number={4},
  pages={415--422},
  year={2012},
  publisher={Elsevier}
}

@article{sullivan2004subject,
  title={Subject recruitment and retention: barriers to success},
  author={Sullivan, Jean},
  year={2004},
  publisher={Advanstar Communications Inc.}
}

@article{thadani2009electronic,
  title={Electronic screening improves efficiency in clinical trial recruitment},
  author={Thadani, Samir R and Weng, Chunhua and Bigger, J Thomas and Ennever, John F and Wajngurt, David},
  journal={Journal of the American Medical Informatics Association},
  volume={16},
  number={6},
  pages={869--873},
  year={2009},
  publisher={BMJ Group BMA House, Tavistock Square, London, WC1H 9JR}
}

@article{mcdonald2006influences,
  title={What influences recruitment to randomised controlled trials? A review of trials funded by two UK funding agencies},
  author={McDonald, Alison M and Knight, Rosemary C and Campbell, Marion K and Entwistle, Vikki A and Grant, Adrian M and Cook, Jonathan A and Elbourne, Diana R and Francis, David and Garcia, Jo and Roberts, Ian and others},
  journal={Trials},
  volume={7},
  number={1},
  pages={1--8},
  year={2006},
  publisher={BioMed Central}
}

@article{easterbrook1992fate,
  title={Fate of research studies.},
  author={Easterbrook, PJ and Matthews, DR},
  journal={Journal of the Royal Society of Medicine},
  volume={85},
  number={2},
  pages={71},
  year={1992},
  publisher={Royal Society of Medicine Press}
}

@article{marks2002using,
  title={Using technology to address recruitment issues in the clinical trial process},
  author={Marks, Lara and Power, Emmett},
  journal={Trends in biotechnology},
  volume={20},
  number={3},
  pages={105--109},
  year={2002},
  publisher={Elsevier}
}

@article{ni2015automated,
  title={Automated clinical trial eligibility prescreening: increasing the efficiency of patient identification for clinical trials in the emergency department},
  author={Ni, Yizhao and Kennebeck, Stephanie and Dexheimer, Judith W and McAneney, Constance M and Tang, Huaxiu and Lingren, Todd and Li, Qi and Zhai, Haijun and Solti, Imre},
  journal={Journal of the American Medical Informatics Association},
  volume={22},
  number={1},
  pages={166--178},
  year={2015},
  publisher={Oxford University Press}
}

@article{sok2019objective,
  title={Objective assessment of WHO/ECOG performance status},
  author={Sok, Miha and Zavrl, Miha and Greif, Boris and Srp{\v{c}}i{\v{c}}, Matev{\v{z}}},
  journal={Supportive Care in Cancer},
  volume={27},
  number={10},
  pages={3793--3798},
  year={2019},
  publisher={Springer}
}

@article{sertkaya2016key,
  title={Key cost drivers of pharmaceutical clinical trials in the United States},
  author={Sertkaya, Aylin and Wong, Hui-Hsing and Jessup, Amber and Beleche, Trinidad},
  journal={Clinical Trials},
  volume={13},
  number={2},
  pages={117--126},
  year={2016},
  publisher={SAGE Publications Sage UK: London, England}
}

@article{hulse1976computerized,
  title={Computerized medication monitoring system},
  author={Hulse, Russell K and Clark, Stephen J and Jackson, J Craig and Warner, Homer R and Gardner, Reed M},
  journal={American Journal of Hospital Pharmacy},
  volume={33},
  number={10},
  pages={1061--1070},
  year={1976},
  publisher={Oxford University Press}
}

@article{tseo2020information,
  title={Information extraction of clinical trial eligibility criteria},
  author={Tseo, Yitong and Salkola, MI and Mohamed, Ahmed and Kumar, Anuj and Abnousi, Freddy},
  journal={arXiv preprint arXiv:2006.07296},
  year={2020}
}

@inproceedings{epstein1978natural,
  title={Natural language access to a melanoma data base},
  author={Epstein, Martin N and Walker, Donald E},
  booktitle={The Second Annual Symposium on Computer Application in Medical Care, 1978. Proceedings.},
  pages={320--325},
  year={1978},
  organization={IEEE}
}

@inproceedings{woods1973progress,
  title={Progress in natural language understanding: an application to lunar geology},
  author={Woods, William A},
  booktitle={Proceedings of the June 4-8, 1973, national computer conference and exposition},
  pages={441--450},
  year={1973}
}

@inproceedings{katz1999integrating,
  title={Integrating web resources and lexicons into a natural language query system},
  author={Katz, Boris and Yuret, Deniz and Lin, Jimmy and Felshin, Sue and Schulman, Rebecca and Ilik, Adnan and Ibrahim, Ali and Osafo-Kwaako, Philip},
  booktitle={Proceedings IEEE International Conference on Multimedia Computing and Systems},
  volume={2},
  pages={255--261},
  year={1999},
  organization={IEEE}
}

@article{cao2011askhermes,
  title={AskHERMES: An online question answering system for complex clinical questions},
  author={Cao, YongGang and Liu, Feifan and Simpson, Pippa and Antieau, Lamont and Bennett, Andrew and Cimino, James J and Ely, John and Yu, Hong},
  journal={Journal of biomedical informatics},
  volume={44},
  number={2},
  pages={277--288},
  year={2011},
  publisher={Elsevier}
}

@article{jermutus2022influences,
  title={Influences on User Trust in Healthcare Artificial Intelligence: A Systematic Review},
  author={Jermutus, Eva and Kneale, Dylan and Thomas, James and Michie, Susan},
  journal={Wellcome Open Research},
  volume={7},
  pages={65},
  year={2022},
  publisher={F1000 Research Limited London, UK}
}

@article{lundberg2018explainable,
  title={Explainable machine-learning predictions for the prevention of hypoxaemia during surgery},
  author={Lundberg, Scott M and Nair, Bala and Vavilala, Monica S and Horibe, Mayumi and Eisses, Michael J and Adams, Trevor and Liston, David E and Low, Daniel King-Wai and Newman, Shu-Fang and Kim, Jerry and others},
  journal={Nature biomedical engineering},
  volume={2},
  number={10},
  pages={749--760},
  year={2018},
  publisher={Nature Publishing Group}
}

@inproceedings{callison2006re,
  title={Re-evaluating the role of BLEU in machine translation research},
  author={Callison-Burch, Chris and Osborne, Miles and Koehn, Philipp},
  booktitle={11th conference of the european chapter of the association for computational linguistics},
  pages={249--256},
  year={2006}
}

@inproceedings{gao2020compose,
  title={COMPOSE: cross-modal pseudo-siamese network for patient trial matching},
  author={Gao, Junyi and Xiao, Cao and Glass, Lucas M and Sun, Jimeng},
  booktitle={Proceedings of the 26th ACM SIGKDD International Conference on Knowledge Discovery \& Data Mining},
  pages={803--812},
  year={2020}
}

@article{derthick2001enhancing,
  title={Enhancing data exploration with a branching history of user operations},
  author={Derthick, Mark and Roth, Steven F},
  journal={Knowledge-Based Systems},
  volume={14},
  number={1-2},
  pages={65--74},
  year={2001},
  publisher={Elsevier}
}

@inproceedings{gergle2004persistence,
  title={Persistence matters: Making the most of chat in tightly-coupled work},
  author={Gergle, Darren and Millen, David R and Kraut, Robert E and Fussell, Susan R},
  booktitle={Proceedings of the SIGCHI conference on Human factors in computing systems},
  pages={431--438},
  year={2004}
}

@article{hill1994history,
  title={History-enriched digital objects: Prototypes and policy issues},
  author={Hill, William C and Hollan, James D},
  journal={The Information Society},
  volume={10},
  number={2},
  pages={139--145},
  year={1994},
  publisher={Taylor \& Francis}
}

@article{li2019effects,
  title={The effects of visual feedback designs on long wait time of mobile application user interface},
  author={Li, Shasha and Chen, Chien-Hsiung},
  journal={Interacting with Computers},
  volume={31},
  number={1},
  pages={1--12},
  year={2019},
  publisher={Oxford University Press}
}

@inproceedings{lempel2003predictive,
  title={Predictive caching and prefetching of query results in search engines},
  author={Lempel, Ronny and Moran, Shlomo},
  booktitle={Proceedings of the 12th international conference on World Wide Web},
  pages={19--28},
  year={2003}
}

@inproceedings{diaz2016search,
  title={Search result prefetching using cursor movement},
  author={Diaz, Fernando and Guo, Qi and White, Ryen W},
  booktitle={Proceedings of the 39th International ACM SIGIR conference on Research and Development in Information Retrieval},
  pages={609--618},
  year={2016}
}

@inproceedings{arapakis2014impact,
  title={Impact of response latency on user behavior in web search},
  author={Arapakis, Ioannis and Bai, Xiao and Cambazoglu, B Barla},
  booktitle={Proceedings of the 37th international ACM SIGIR conference on Research \& development in information retrieval},
  pages={103--112},
  year={2014}
}

@article{shneiderman1984response,
  title={Response time and display rate in human performance with computers},
  author={Shneiderman, Ben},
  journal={ACM Computing Surveys (CSUR)},
  volume={16},
  number={3},
  pages={265--285},
  year={1984},
  publisher={ACM New York, NY, USA}
}

@article{vaswani2017attention,
  title={Attention is all you need},
  author={Vaswani, Ashish and Shazeer, Noam and Parmar, Niki and Uszkoreit, Jakob and Jones, Llion and Gomez, Aidan N and Kaiser, {\L}ukasz and Polosukhin, Illia},
  journal={Advances in neural information processing systems},
  volume={30},
  year={2017}
}

@article{hubara2017quantized,
  title={Quantized neural networks: Training neural networks with low precision weights and activations},
  author={Hubara, Itay and Courbariaux, Matthieu and Soudry, Daniel and El-Yaniv, Ran and Bengio, Yoshua},
  journal={The Journal of Machine Learning Research},
  volume={18},
  number={1},
  pages={6869--6898},
  year={2017},
  publisher={JMLR. org}
}

@inproceedings{yen2010development,
  title={Development of a customizable health IT usability evaluation scale},
  author={Yen, Po-Yin and Wantland, Dean and Bakken, Suzanne},
  booktitle={AMIA Annual Symposium Proceedings},
  volume={2010},
  pages={917},
  year={2010},
  organization={American Medical Informatics Association}
}
