@article{dobbins2019leaf,
    author = {Dobbins, Nicholas J and Spital, Clifford H and Black, Robert A and Morrison, Jason M and de Veer, Bas and Zampino, Elizabeth and Harrington, Robert D and Britt, Bethene D and Stephens, Kari A and Wilcox, Adam B and Tarczy-Hornoch, Peter and Mooney, Sean D},
    title = "{Leaf: an open-source, model-agnostic, data-driven web application for cohort discovery and translational biomedical research}",
    journal = {Journal of the American Medical Informatics Association},
    volume = {27},
    number = {1},
    pages = {109-118},
    year = {2019},
    month = {10},
}

@article{fang2022combining,
  title={Combining human and machine intelligence for clinical trial eligibility querying},
  author={Fang, Yilu and Idnay, Betina and Sun, Yingcheng and Liu, Hao and Chen, Zhehuan and Marder, Karen and Xu, Hua and Schnall, Rebecca and Weng, Chunhua},
  journal={Journal of the American Medical Informatics Association},
  year={2022}
}

@article{kury2020chia,
  title={Chia, a large annotated corpus of clinical trial eligibility criteria},
  author={Kury, Fabr{\'\i}cio and Butler, Alex and Yuan, Chi and Fu, Li-heng and Sun, Yingcheng and Liu, Hao and Sim, Ida and Carini, Simona and Weng, Chunhua},
  journal={Scientific data},
  volume={7},
  number={1},
  pages={1--11},
  year={2020},
  publisher={Nature Publishing Group}
}

@article{choi2021ryansql,
  title={Ryansql: Recursively applying sketch-based slot fillings for complex text-to-sql in cross-domain databases},
  author={Choi, DongHyun and Shin, Myeong Cheol and Kim, EungGyun and Shin, Dong Ryeol},
  journal={Computational Linguistics},
  volume={47},
  number={2},
  pages={309--332},
  year={2021},
  publisher={MIT Press One Rogers Street, Cambridge, MA 02142-1209, USA journals-info~â€¦}
}

@article{herzig2021unlocking,
  title={Unlocking compositional generalization in pre-trained models using intermediate representations},
  author={Herzig, Jonathan and Shaw, Peter and Chang, Ming-Wei and Guu, Kelvin and Pasupat, Panupong and Zhang, Yuan},
  journal={arXiv preprint arXiv:2104.07478},
  year={2021}
}

@article{pan2021bert,
  title={A BERT-Based Generation Model to Transform Medical Texts to SQL Queries for Electronic Medical Records: Model Development and Validation},
  author={Pan, Youcheng and Wang, Chenghao and Hu, Baotian and Xiang, Yang and Wang, Xiaolong and Chen, Qingcai and Chen, Junjie and Du, Jingcheng and others},
  journal={JMIR Medical Informatics},
  volume={9},
  number={12},
  pages={e32698},
  year={2021},
  publisher={JMIR Publications Inc., Toronto, Canada}
}

@inproceedings{bae2021question,
  title={Question Answering for Complex Electronic Health Records Database using Unified Encoder-Decoder Architecture},
  author={Bae, Seongsu and Kim, Daeyoung and Kim, Jiho and Choi, Edward},
  booktitle={Machine Learning for Health},
  pages={13--25},
  year={2021},
  organization={PMLR}
}

@inproceedings{wang2020text,
  title={Text-to-SQL generation for question answering on electronic medical records},
  author={Wang, Ping and Shi, Tian and Reddy, Chandan K},
  booktitle={Proceedings of The Web Conference 2020},
  pages={350--361},
  year={2020}
}

@article{suhr2020exploring,
  title={Exploring unexplored generalization challenges for cross-database semantic parsing},
  author={Suhr, Alane Laughlin and Lee, Kenton and Chang, Ming-Wei and Shaw, Pete},
  year={2020}
}

@inproceedings{yu2020dataset,
  title={Dataset and enhanced model for eligibility criteria-to-SQL semantic parsing},
  author={Yu, Xiaojing and Chen, Tianlong and Yu, Zhengjie and Li, Huiyu and Yang, Yang and Jiang, Xiaoqian and Jiang, Anxiao},
  booktitle={12th International Conference on Language Resources and Evaluation (LREC)},
  year={2020}
}

@article{guo2019towards,
  title={Towards complex text-to-sql in cross-domain database with intermediate representation},
  author={Guo, Jiaqi and Zhan, Zecheng and Gao, Yan and Xiao, Yan and Lou, Jian-Guang and Liu, Ting and Zhang, Dongmei},
  journal={arXiv preprint arXiv:1905.08205},
  year={2019}
}

@inproceedings{xu2019automatic,
  title={Automatic Translation of Clinical Trial Eligibility Criteria into Formal Queries.},
  author={Xu, Chao and Forkel, Walter and Borgwardt, Stefan and Baader, Franz and Zhou, Beihai},
  booktitle={JOWO},
  year={2019}
}

@article{yuan2019criteria2query,
  title={Criteria2Query: a natural language interface to clinical databases for cohort definition},
  author={Yuan, Chi and Ryan, Patrick B and Ta, Casey and Guo, Yixuan and Li, Ziran and Hardin, Jill and Makadia, Rupa and Jin, Peng and Shang, Ning and Kang, Tian and others},
  journal={Journal of the American Medical Informatics Association},
  volume={26},
  number={4},
  pages={294--305},
  year={2019},
  publisher={Oxford University Press}
}

@article{yu2018spider,
  title={Spider: A large-scale human-labeled dataset for complex and cross-domain semantic parsing and text-to-sql task},
  author={Yu, Tao and Zhang, Rui and Yang, Kai and Yasunaga, Michihiro and Wang, Dongxu and Li, Zifan and Ma, James and Li, Irene and Yao, Qingning and Roman, Shanelle and others},
  journal={arXiv preprint arXiv:1809.08887},
  year={2018}
}

@article{xu2019nadaq,
  title={NADAQ: natural language database querying based on deep learning},
  author={Xu, Boyan and Cai, Ruichu and Zhang, Zhenjie and Yang, Xiaoyan and Hao, Zhifeng and Li, Zijian and Liang, Zhihao},
  journal={IEEE Access},
  volume={7},
  pages={35012--35017},
  year={2019},
  publisher={IEEE}
}

@inproceedings{baader2018patient,
  title={Patient selection for clinical trials using temporalized ontology-mediated query answering},
  author={Baader, Franz and Borgwardt, Stefan and Forkel, Walter},
  booktitle={Companion Proceedings of the The Web Conference 2018},
  pages={1069--1074},
  year={2018}
}

@inproceedings{zhang2018computable,
  title={Computable eligibility criteria through ontology-driven data access: a case study of hepatitis C virus trials},
  author={Zhang, Hansi and He, Zhe and He, Xing and Guo, Yi and Nelson, David R and Modave, Fran{\c{c}}ois and Wu, Yonghui and Hogan, William and Prosperi, Mattia and Bian, Jiang},
  booktitle={AMIA Annual Symposium Proceedings},
  volume={2018},
  pages={1601},
  year={2018},
  organization={American Medical Informatics Association}
}

@article{calvanese2017ontop,
  title={Ontop: Answering SPARQL queries over relational databases},
  author={Calvanese, Diego and Cogrel, Benjamin and Komla-Ebri, Sarah and Kontchakov, Roman and Lanti, Davide and Rezk, Martin and Rodriguez-Muro, Mariano and Xiao, Guohui},
  journal={Semantic Web},
  volume={8},
  number={3},
  pages={471--487},
  year={2017},
  publisher={IOS Press}
}

@article{xu2017sqlnet,
  title={Sqlnet: Generating structured queries from natural language without reinforcement learning},
  author={Xu, Xiaojun and Liu, Chang and Song, Dawn},
  journal={arXiv preprint arXiv:1711.04436},
  year={2017}
}

@article{zhong2017seq2sql,
  title={Seq2sql: Generating structured queries from natural language using reinforcement learning},
  author={Zhong, Victor and Xiong, Caiming and Socher, Richard},
  journal={arXiv preprint arXiv:1709.00103},
  year={2017}
}

@article{dar2019frameworks,
  title={Frameworks for querying databases using natural language: a literature review},
  author={Dar, Hafsa Shareef and Lali, M Ikramullah and Din, Moin Ul and Malik, Khalid Mahmood and Bukhari, Syed Ahmad Chan},
  journal={arXiv preprint arXiv:1909.01822},
  year={2019}
}

@article{jain2012enhancing,
  title={Enhancing electronic medical record retrieval through semantic query expansion},
  author={Jain, Hemant and Thao, Cheng and Zhao, Huimin},
  journal={Information systems and e-business management},
  volume={10},
  number={2},
  pages={165--181},
  year={2012},
  publisher={Springer}
}

@article{lonsdale2008assessing,
  title={Assessing clinical trial eligibility with logic expression queries},
  author={Lonsdale, Deryle W and Tustison, Clint and Parker, Craig G and Embley, David W},
  journal={Data \& Knowledge Engineering},
  volume={66},
  number={1},
  pages={3--17},
  year={2008},
  publisher={Elsevier}
}

@inproceedings{zhang2020deepenroll,
  title={DeepEnroll: patient-trial matching with deep embedding and entailment prediction},
  author={Zhang, Xingyao and Xiao, Cao and Glass, Lucas M and Sun, Jimeng},
  booktitle={Proceedings of The Web Conference 2020},
  pages={1029--1037},
  year={2020}
}

@inproceedings{soni2020patient,
  title={Patient cohort retrieval using transformer language models},
  author={Soni, Sarvesh and Roberts, Kirk},
  booktitle={AMIA annual symposium proceedings},
  volume={2020},
  pages={1150},
  year={2020},
  organization={American Medical Informatics Association}
}

@article{whitton2021automated,
  title={Automated tabulation of clinical trial results: A joint entity and relation extraction approach with transformer-based language representations},
  author={Whitton, Jetsun and Hunter, Anthony},
  journal={arXiv preprint arXiv:2112.05596},
  year={2021}
}

@article{sun2021building,
  title={Building an OMOP common data model-compliant annotated corpus for COVID-19 clinical trials},
  author={Sun, Yingcheng and Butler, Alex and Stewart, Latoya A and Liu, Hao and Yuan, Chi and Southard, Christopher T and Kim, Jae Hyun and Weng, Chunhua},
  journal={Journal of biomedical informatics},
  volume={118},
  pages={103790},
  year={2021},
  publisher={Elsevier}
}

@article{sun2019knowledge,
  title={Knowledge-guided text structuring in clinical trials},
  author={Sun, Yingcheng and Loparo, Kenneth},
  journal={arXiv preprint arXiv:1912.12380},
  year={2019}
}

@article{kang2017eliie,
  title={EliIE: An open-source information extraction system for clinical trial eligibility criteria},
  author={Kang, Tian and Zhang, Shaodian and Tang, Youlan and Hruby, Gregory W and Rusanov, Alexander and Elhadad, No{\'e}mie and Weng, Chunhua},
  journal={Journal of the American Medical Informatics Association},
  volume={24},
  number={6},
  pages={1062--1071},
  year={2017},
  publisher={Oxford University Press}
}

@article{rafee2022elapro,
  title={ELaPro, a LOINC-mapped core dataset for top laboratory procedures of eligibility screening for clinical trials},
  author={Rafee, Ahmed and Riepenhausen, Sarah and Neuhaus, Philipp and Meidt, Alexandra and Dugas, Martin and Varghese, Julian},
  journal={BMC Medical Research Methodology},
  volume={22},
  number={1},
  pages={1--14},
  year={2022},
  publisher={BioMed Central}
}

@inproceedings{yang2010esoogle,
  title={Esoogle: A Semantic-based Expert Information Service System},
  author={Yang, Liu and Hu, Zhigang and Long, Jun},
  booktitle={2010 3rd International Conference on Information Management, Innovation Management and Industrial Engineering},
  volume={4},
  pages={642--645},
  year={2010},
  organization={IEEE}
}

@inproceedings{rongali2020don,
  title={Donâ€™t parse, generate! a sequence to sequence architecture for task-oriented semantic parsing},
  author={Rongali, Subendhu and Soldaini, Luca and Monti, Emilio and Hamza, Wael},
  booktitle={Proceedings of The Web Conference 2020},
  pages={2962--2968},
  year={2020}
}

@article{einolghozati2019improving,
  title={Improving semantic parsing for task oriented dialog},
  author={Einolghozati, Arash and Pasupat, Panupong and Gupta, Sonal and Shah, Rushin and Mohit, Mrinal and Lewis, Mike and Zettlemoyer, Luke},
  journal={arXiv preprint arXiv:1902.06000},
  year={2019}
}

@article{dong2016language,
  title={Language to logical form with neural attention},
  author={Dong, Li and Lapata, Mirella},
  journal={arXiv preprint arXiv:1601.01280},
  year={2016}
}

@inproceedings{vengadeswaran2019semantically,
  title={Semantically Annotated Metadata: Interconnecting Samply. MDR and MDM-Portal.},
  author={Vengadeswaran, Abishaa and Neuhaus, Philipp and Hegselmann, Stefan and Storf, Holger and Kadioglu, Dennis},
  booktitle={GMDS},
  pages={86--92},
  year={2019}
}

@article{xu2016healthcare,
  title={Healthcare data analytics: Using a metadata annotation approach for integrating electronic hospital records},
  author={Xu, Boyi and Xu, Ke and Fu, LiuLiu and Li, Ling and Xin, Weiwei and Cai, Hongming},
  journal={Journal of Management Analytics},
  volume={3},
  number={2},
  pages={136--151},
  year={2016},
  publisher={Taylor \& Francis}
}

@article{sweet2013electronic,
  title={Electronic health records data and metadata: challenges for big data in the United States},
  author={Sweet, Lauren E and Moulaison, Heather Lea},
  journal={Big data},
  volume={1},
  number={4},
  pages={245--251},
  year={2013},
  publisher={Mary Ann Liebert, Inc. 140 Huguenot Street, 3rd Floor New Rochelle, NY 10801 USA}
}

@article{stevens2002oiling,
  title={OILing the way to machine understandable bioinformatics resources},
  author={Stevens, Robert and Goble, Carole and Horrocks, Ian and Bechhofer, Sean},
  journal={IEEE Transactions on Information Technology in Biomedicine},
  volume={6},
  number={2},
  pages={129--134},
  year={2002},
  publisher={IEEE}
}

@article{liu2021evaluating,
  title={Evaluating eligibility criteria of oncology trials using real-world data and AI},
  author={Liu, Ruishan and Rizzo, Shemra and Whipple, Samuel and Pal, Navdeep and Pineda, Arturo Lopez and Lu, Michael and Arnieri, Brandon and Lu, Ying and Capra, William and Copping, Ryan and others},
  journal={Nature},
  volume={592},
  number={7855},
  pages={629--633},
  year={2021},
  publisher={Nature Publishing Group}
}

@inproceedings{soni2019using,
  title={Using FHIR to construct a corpus of clinical questions annotated with logical forms and answers},
  author={Soni, Sarvesh and Gudala, Meghana and Wang, Daisy Zhe and Roberts, Kirk},
  booktitle={AMIA Annual Symposium Proceedings},
  volume={2019},
  pages={1207},
  year={2019},
  organization={American Medical Informatics Association}
}

@article{herzig2018decoupling,
  title={Decoupling structure and lexicon for zero-shot semantic parsing},
  author={Herzig, Jonathan and Berant, Jonathan},
  journal={arXiv preprint arXiv:1804.07918},
  year={2018}
}

@article{chondrogiannis2017novel,
  title={A novel semantic representation for eligibility criteria in clinical trials},
  author={Chondrogiannis, Efthymios and Andronikou, Vassiliki and Tagaris, Anastasios and Karanastasis, Efstathios and Varvarigou, Theodora and Tsuji, Masatsugu},
  journal={Journal of biomedical informatics},
  volume={69},
  pages={10--23},
  year={2017},
  publisher={Elsevier}
}

@inproceedings{roberts2016annotating,
  title={Annotating logical forms for EHR questions},
  author={Roberts, Kirk and Demner-Fushman, Dina},
  booktitle={LREC... International Conference on Language Resources \& Evaluation:[proceedings]. International Conference on Language Resources and Evaluation},
  volume={2016},
  pages={3772},
  year={2016},
  organization={NIH Public Access}
}

@article{levy2015structuring,
  title={Structuring clinical trial eligibility criteria with the common data model},
  author={Levy-fix, Gal and Yaman, Anil and Weng, Chunhua},
  year={2015},
  publisher={Citeseer}
}

@inproceedings{kwiatkowski2013scaling,
  title={Scaling semantic parsers with on-the-fly ontology matching},
  author={Kwiatkowski, Tom and Choi, Eunsol and Artzi, Yoav and Zettlemoyer, Luke},
  booktitle={Proceedings of the 2013 conference on empirical methods in natural language processing},
  pages={1545--1556},
  year={2013}
}

@article{weng2011elixr,
  title={EliXR: an approach to eligibility criteria extraction and representation},
  author={Weng, Chunhua and Wu, Xiaoying and Luo, Zhihui and Boland, Mary Regina and Theodoratos, Dimitri and Johnson, Stephen B},
  journal={Journal of the American Medical Informatics Association},
  volume={18},
  number={Supplement\_1},
  pages={i116--i124},
  year={2011},
  publisher={BMJ Group BMA House, Tavistock Square, London, WC1H 9JR}
}

@article{hunter2010survey,
  title={A survey of formalisms for representing and reasoning with scientific knowledge},
  author={Hunter, Anthony and Liu, Weiru},
  journal={The Knowledge Engineering Review},
  volume={25},
  number={2},
  pages={199--222},
  year={2010},
  publisher={Cambridge University Press}
}

@inproceedings{zelle1996learning,
  title={Learning to parse database queries using inductive logic programming},
  author={Zelle, John M and Mooney, Raymond J},
  booktitle={Proceedings of the national conference on artificial intelligence},
  pages={1050--1055},
  year={1996}
}

@article{lee2017medical,
  title={Medical big data: promise and challenges},
  author={Lee, Choong Ho and Yoon, Hyung-Jin},
  journal={Kidney research and clinical practice},
  volume={36},
  number={1},
  pages={3},
  year={2017},
  publisher={Korean Society of Nephrology}
}

@inproceedings{sholle2017secondary,
  title={Secondary use of patientsâ€™ electronic records (SUPER): an approach for meeting specific data needs of clinical and translational researchers},
  author={Sholle, Evan T and Kabariti, Joseph and Johnson, Stephen B and Leonard, John P and Pathak, Jyotishman and Varughese, Vinay I and Cole, Curtis L and Campion Jr, Thomas R},
  booktitle={AMIA Annual Symposium Proceedings},
  volume={2017},
  pages={1581},
  year={2017},
  organization={American Medical Informatics Association}
}

@article{cowie2017electronic,
  title={Electronic health records to facilitate clinical research},
  author={Cowie, Martin R and Blomster, Juuso I and Curtis, Lesley H and Duclaux, Sylvie and Ford, Ian and Fritz, Fleur and Goldman, Samantha and Janmohamed, Salim and Kreuzer, J{\"o}rg and Leenay, Mark and others},
  journal={Clinical Research in Cardiology},
  volume={106},
  number={1},
  pages={1--9},
  year={2017},
  publisher={Springer}
}

@article{adams2015barriers,
  title={Barriers and opportunities for enhancing patient recruitment and retention in clinical research: findings from an interview study in an NHS academic health science centre},
  author={Adams, Mary and Caffrey, Louise and McKevitt, Christopher},
  journal={Health research policy and systems},
  volume={13},
  number={1},
  pages={1--9},
  year={2015},
  publisher={BioMed Central}
}

@article{gul2010clinical,
  title={Clinical trials: the challenge of recruitment and retention of participants},
  author={Gul, Raisa B and Ali, Parveen A},
  journal={Journal of clinical nursing},
  volume={19},
  number={1-2},
  pages={227--233},
  year={2010},
  publisher={Wiley Online Library}
}

@inproceedings{wang2017classifying,
  title={Classifying clinical trial eligibility criteria to facilitate phased cohort identification using clinical data repositories},
  author={Wang, Amy Y and Lancaster, William J and Wyatt, Matthew C and Rasmussen, Luke V and Fort, Daniel G and Cimino, James J},
  booktitle={AMIA Annual Symposium Proceedings},
  volume={2017},
  pages={1754},
  year={2017},
  organization={American Medical Informatics Association}
}

@article{murphy2010serving,
  title={Serving the enterprise and beyond with informatics for integrating biology and the bedside (i2b2)},
  author={Murphy, Shawn N and Weber, Griffin and Mendis, Michael and Gainer, Vivian and Chueh, Henry C and Churchill, Susanne and Kohane, Isaac},
  journal={Journal of the American Medical Informatics Association},
  volume={17},
  number={2},
  pages={124--130},
  year={2010},
  publisher={BMJ Group}
}

@article{deshmukh2009evaluating,
  title={Evaluating the informatics for integrating biology and the bedside system for clinical research},
  author={Deshmukh, Vikrant G and Meystre, St{\'e}phane M and Mitchell, Joyce A},
  journal={BMC medical research methodology},
  volume={9},
  number={1},
  pages={1--12},
  year={2009},
  publisher={Springer}
}

@article{hripcsak2015observational,
  title={Observational Health Data Sciences and Informatics (OHDSI): opportunities for observational researchers},
  author={Hripcsak, George and Duke, Jon D and Shah, Nigam H and Reich, Christian G and Huser, Vojtech and Schuemie, Martijn J and Suchard, Marc A and Park, Rae Woong and Wong, Ian Chi Kei and Rijnbeek, Peter R and others},
  journal={Studies in health technology and informatics},
  volume={216},
  pages={574},
  year={2015},
  publisher={NIH Public Access}
}

@article{chen2019clinical,
  title={Clinical trial cohort selection based on multi-level rule-based natural language processing system},
  author={Chen, Long and Gu, Yu and Ji, Xin and Lou, Chao and Sun, Zhiyong and Li, Haodan and Gao, Yuan and Huang, Yang},
  journal={Journal of the American Medical Informatics Association},
  volume={26},
  number={11},
  pages={1218--1226},
  year={2019},
  publisher={Oxford University Press}
}

@incollection{patrao2015recruit,
  title={Recruit-An Ontology Based Information Retrieval System for Clinical Trials Recruitment},
  author={Patr{\~a}o, Diogo FC and Oleynik, Michel and Massicano, Felipe and Morassi Sasso, Ariane},
  booktitle={MEDINFO 2015: eHealth-enabled Health},
  pages={534--538},
  year={2015},
  publisher={IOS Press}
}

@article{devlin2018bert,
  title={Bert: Pre-training of deep bidirectional transformers for language understanding},
  author={Devlin, Jacob and Chang, Ming-Wei and Lee, Kenton and Toutanova, Kristina},
  journal={arXiv preprint arXiv:1810.04805},
  year={2018}
}

@misc{lucene,
  title = {Apache Lucene},
  howpublished = {\url{https://lucene.apache.org/}},
  note = {Accessed: 2022-08-16}
}

@inproceedings{park2021knowledge,
  title={Knowledge graph-based question answering with electronic health records},
  author={Park, Junwoo and Cho, Youngwoo and Lee, Haneol and Choo, Jaegul and Choi, Edward},
  booktitle={Machine Learning for Healthcare Conference},
  pages={36--53},
  year={2021},
  organization={PMLR}
}

@article{johnson2016mimic,
  title={MIMIC-III, a freely accessible critical care database},
  author={Johnson, Alistair EW and Pollard, Tom J and Shen, Lu and Lehman, Li-wei H and Feng, Mengling and Ghassemi, Mohammad and Moody, Benjamin and Szolovits, Peter and Anthony Celi, Leo and Mark, Roger G},
  journal={Scientific data},
  volume={3},
  number={1},
  pages={1--9},
  year={2016},
  publisher={Nature Publishing Group}
}

@article{dhayne2021emr2vec,
  title={EMR2vec: Bridging the gap between patient data and clinical trial},
  author={Dhayne, Houssein and Kilany, Rima and Haque, Rafiqul and Taher, Yehia},
  journal={Computers \& Industrial Engineering},
  volume={156},
  pages={107236},
  year={2021},
  publisher={Elsevier}
}

@incollection{patel2007matching,
  title={Matching patient records to clinical trials using ontologies},
  author={Patel, Chintan and Cimino, James and Dolby, Julian and Fokoue, Achille and Kalyanpur, Aditya and Kershenbaum, Aaron and Ma, Li and Schonberg, Edith and Srinivas, Kavitha},
  booktitle={The Semantic Web},
  pages={816--829},
  year={2007},
  publisher={Springer}
}

@incollection{huang2013semanticct,
  title={SemanticCT: a semantically-enabled system for clinical trials},
  author={Huang, Zhisheng and Teije, Annette ten and Harmelen, Frank van},
  booktitle={Process Support and Knowledge Representation in Health Care},
  pages={11--25},
  year={2013},
  publisher={Springer}
}

@misc{owl,
  title = {OWL 2 Web Ontology Language Primer},
  howpublished = {\url{https://www.w3.org/TR/owl2-primer/}},
  note = {Accessed: 2022-08-16}
}

@article{belenkaya2021extending,
  title={Extending the OMOP common data model and standardized vocabularies to support observational cancer research},
  author={Belenkaya, Rimma and Gurley, Michael J and Golozar, Asieh and Dymshyts, Dmitry and Miller, Robert T and Williams, Andrew E and Ratwani, Shilpa and Siapos, Anastasios and Korsik, Vladislav and Warner, Jeremy and others},
  journal={JCO Clinical Cancer Informatics},
  volume={5},
  year={2021},
  publisher={American Society of Clinical Oncology}
}

@inproceedings{peng2021towards,
  title={Towards the Representation of Genomic Data in HL7 FHIR and OMOP CDM.},
  author={Peng, Yuan and Nassirian, Azadeh and Ahmadi, Najia and Sedlmayr, Martin and Bathelt, Franziska},
  booktitle={GMDS},
  pages={86--94},
  year={2021}
}

@inproceedings{zoch2021adaption,
  title={Adaption of the OMOP CDM for Rare Diseases.},
  author={Zoch, Michele and Gierschner, Christian and Peng, Yuan and Gruhl, Mirko and Leutner, Liz A and Sedlmayr, Martin and Bathelt, Franziska and others},
  booktitle={MIE},
  pages={138--142},
  year={2021}
}

@article{warner2019hemonc,
  title={HemOnc: A new standard vocabulary for chemotherapy regimen representation in the OMOP common data model},
  author={Warner, Jeremy L and Dymshyts, Dmitry and Reich, Christian G and Gurley, Michael J and Hochheiser, Harry and Moldwin, Zachary H and Belenkaya, Rimma and Williams, Andrew E and Yang, Peter C},
  journal={Journal of biomedical informatics},
  volume={96},
  pages={103239},
  year={2019},
  publisher={Elsevier}
}

@article{zhou2013evaluation,
  title={An evaluation of the THIN database in the OMOP Common Data Model for active drug safety surveillance},
  author={Zhou, Xiaofeng and Murugesan, Sundaresan and Bhullar, Harshvinder and Liu, Qing and Cai, Bing and Wentworth, Chuck and Bate, Andrew},
  journal={Drug safety},
  volume={36},
  number={2},
  pages={119--134},
  year={2013},
  publisher={Springer}
}

@article{shin2019genomic,
  title={Genomic common data model for seamless interoperation of biomedical data in clinical practice: retrospective study},
  author={Shin, Seo Jeong and You, Seng Chan and Park, Yu Rang and Roh, Jin and Kim, Jang-Hee and Haam, Seokjin and Reich, Christian G and Blacketer, Clair and Son, Dae-Soon and Oh, Seungbin and others},
  journal={Journal of medical Internet research},
  volume={21},
  number={3},
  pages={e13249},
  year={2019},
  publisher={JMIR Publications Inc., Toronto, Canada}
}

@inproceedings{kwon2019development,
  title={Development of common data module extension for radiology data (R-CDM): A pilot study to predict outcome of liver cirrhosis with using portal phase abdominal computed tomography data},
  author={Kwon, EY and Jeong, C-W and Kang, DM and Kim, YR and Lee, YH and Yoon, K-H and others},
  year={2019},
  organization={European Congress of Radiology-ECR 2019}
}

@article{xiong2019cohort,
  title={Cohort selection for clinical trials using hierarchical neural network},
  author={Xiong, Ying and Shi, Xue and Chen, Shuai and Jiang, Dehuan and Tang, Buzhou and Wang, Xiaolong and Chen, Qingcai and Yan, Jun},
  journal={Journal of the American Medical Informatics Association},
  volume={26},
  number={11},
  pages={1203--1208},
  year={2019},
  publisher={Oxford University Press}
}

@article{warrer2012using,
  title={Using text-mining techniques in electronic patient records to identify ADRs from medicine use},
  author={Warrer, Pernille and Hansen, Ebba Holme and Juhl-Jensen, Lars and Aagaard, Lise},
  journal={British journal of clinical pharmacology},
  volume={73},
  number={5},
  pages={674--684},
  year={2012},
  publisher={Wiley Online Library}
}

@article{ross2010analysis,
  title={Analysis of eligibility criteria complexity in clinical trials},
  author={Ross, Jessica and Tu, Samson and Carini, Simona and Sim, Ida},
  journal={Summit on translational bioinformatics},
  volume={2010},
  pages={46},
  year={2010},
  publisher={American Medical Informatics Association}
}

@misc{grpc,
  title = {gRPC: A high performance, open source universal RPC framework},
  howpublished = {\url{https://grpc.io//}},
  note = {Accessed: 2022-08-16}
}

@misc{docker,
  title = {Docker},
  howpublished = {\url{https://www.docker.com}},
  note = {Accessed: 2022-08-16}
}

@inproceedings{johnstone1998generalised,
  title={Generalised recursive descent parsing and follow-determinism},
  author={Johnstone, Adrian and Scott, Elizabeth},
  booktitle={International Conference on Compiler Construction},
  pages={16--30},
  year={1998},
  organization={Springer}
}

@article{dobbins2022leaf,
  title={The Leaf Clinical Trials Corpus: a new resource for query generation from clinical trial eligibility criteria},
  author={Dobbins, Nicholas J and Mullen, Tony and Uzuner, {\"O}zlem and Yetisgen, Meliha},
  journal={Scientific Data},
  volume={9},
  number={1},
  pages={1--15},
  year={2022},
  publisher={Nature Publishing Group}
}

@article{johnson2014use,
  title={Use of the i2b2 research query tool to conduct a matched case--control clinical research study: advantages, disadvantages and methodological considerations},
  author={Johnson, Emilie K and Broder-Fingert, Sarabeth and Tanpowpong, Pornthep and Bickel, Jonathan and Lightdale, Jenifer R and Nelson, Caleb P},
  journal={BMC medical research methodology},
  volume={14},
  number={1},
  pages={1--6},
  year={2014},
  publisher={BioMed Central}
}

@article{raffel2020exploring,
  title={Exploring the limits of transfer learning with a unified text-to-text transformer.},
  author={Raffel, Colin and Shazeer, Noam and Roberts, Adam and Lee, Katherine and Narang, Sharan and Matena, Michael and Zhou, Yanqi and Li, Wei and Liu, Peter J and others},
  journal={J. Mach. Learn. Res.},
  volume={21},
  number={140},
  pages={1--67},
  year={2020}
}
